% Encoding: UTF-8

@Book{amrein2014rethinkingVAM,
  title     = {Rethinking value-added models in education. Critical perspectives on tests and assessment-based accountability},
  publisher = {Routledge},
  year      = {2014},
  author    = {Amrein-Beardsley, Audrey},
  groups    = {criticVAM},
}

@Book{darling2013getting,
  title     = {Getting teacher evaluation right: What really matters for effectiveness and improvement},
  publisher = {Teachers College Press},
  year      = {2013},
  author    = {Darling-Hammond, Linda},
  groups    = {criticVAM},
}

@Article{amrein2008methodological,
  author    = {Amrein-Beardsley, Audrey},
  title     = {Methodological concerns about the education value-added assessment system},
  journal   = {Educational researcher},
  year      = {2008},
  volume    = {37},
  number    = {2},
  pages     = {65--75},
  groups    = {criticVAM},
  publisher = {Sage Publications Sage CA: Los Angeles},
}

@Article{rubin2004potential,
  author    = {Rubin, Donald B and Stuart, Elizabeth A and Zanutto, Elaine L},
  title     = {A potential outcomes view of value-added assessment in education},
  journal   = {Journal of educational and behavioral statistics},
  year      = {2004},
  volume    = {29},
  number    = {1},
  pages     = {103--116},
  groups    = {criticVAM},
  publisher = {Sage Publications Sage CA: Los Angeles, CA},
}

@Article{chetty2014discussion,
  author    = {Chetty, Raj and Friedman, John and Rockoff, Jonah},
  title     = {Discussion of the American Statistical Association's Statement (2014) on using value-added models for educational assessment},
  journal   = {Statistics and Public Policy},
  year      = {2014},
  volume    = {1},
  number    = {1},
  pages     = {111--113},
  groups    = {theoryVAM},
  publisher = {Taylor \& Francis},
}

@Article{morganstein2014asa,
  author    = {David Morganstein and Ron Wasserstein},
  title     = {ASA Statement on Value-Added Models},
  journal   = {Statistics and Public Policy},
  year      = {2014},
  volume    = {1},
  number    = {1},
  pages     = {108--110},
  groups    = {theoryVAM},
  publisher = {Taylor \& Francis},
}

@Article{raudenbush2004value,
  author    = {Raudenbush, Stephen},
  title     = {What are value-added models estimating and what does this imply for statistical practice?},
  journal   = {Journal of Educational and Behavioral Statistics},
  year      = {2004},
  volume    = {29},
  number    = {1},
  pages     = {121--129},
  groups    = {theoryVAM},
  publisher = {Sage Publications Sage CA: Los Angeles},
}

@Article{hanushek1971teacher,
  author    = {Hanushek, Eric},
  title     = {Teacher characteristics and gains in student achievement: Estimation using micro data},
  journal   = {The American Economic Review},
  year      = {1971},
  volume    = {61},
  number    = {2},
  pages     = {280--288},
  groups    = {theoryVAM},
  publisher = {JSTOR},
}

@Article{todd2003specification,
  author        = {Todd, Petra and Wolpin, Kenneth},
  title         = {On the specification and estimation of the production function for cognitive achievement},
  journal       = {The Economic Journal},
  year          = {2003},
  volume        = {113},
  number        = {485},
  pages         = {F3--F33},
  __markedentry = {[Hobbit:]},
  groups        = {abstraktSQM},
  publisher     = {Wiley Online Library},
}

@Book{oecd2013teachers,
  title     = {Teachers for the 21st century: Using evaluation to improve teaching},
  publisher = {OECD Publishing},
  year      = {2013},
  author    = {OECD},
  groups    = {I_BildungInternational},
}

@Article{lee2018pulling,
  author    = {Lee, Woong},
  title     = {Pulling Back the Curtain: Revealing the Cumulative Importance of High-Performing, Highly Qualified Teachers on Students? Educational Outcome},
  journal   = {Educational Evaluation and Policy Analysis},
  year      = {2018},
  pages     = {359--381},
  groups    = {continuativeVAM},
  publisher = {SAGE Publications},
}

@TechReport{kane2012gathering,
  author      = {Kane, Thomas and Staiger, Douglas},
  title       = {Gathering Feedback for Teaching: Combining High-Quality Observations with Student Surveys and Achievement Gains},
  institution = {Bill \& Melinda Gates Foundation},
  year        = {2012},
  note        = {MET Project, Research Paper},
  groups      = {continuativeVAM},
}

@TechReport{kane2013have,
  author      = {Kane, Thomas and McCaffrey, Daniel and Miller, Trey and Staiger, Douglas},
  title       = {Have we identified effective teachers? Validating measures of effective teaching using random assignment},
  institution = {Bill \& Melinda Gates Foundation},
  year        = {2013},
  note        = {MET Project, Research Paper},
  groups      = {continuativeVAM},
}

@Article{goldhaber2013gateway,
  author    = {Goldhaber, Dan and Liddle, Stephanie and Theobald, Roddy},
  title     = {The gateway to the profession: Assessing teacher preparation programs based on student achievement},
  journal   = {Economics of Education Review},
  year      = {2013},
  volume    = {34},
  pages     = {29--44},
  groups    = {continuativeVAM},
  publisher = {Elsevier},
}

@Article{kurtz2018value,
  author    = {Kurtz, Michael},
  title     = {Value-Added and Student Growth Percentile Models: What Drives Differences in Estimated Classroom Effects?},
  journal   = {Statistics and Public Policy},
  year      = {2018},
  volume    = {5},
  number    = {1},
  pages     = {1--8},
  groups    = {StudentGrowthPercentilesVAM},
  publisher = {Taylor \& Francis},
}

@Article{goldhaber2014does,
  author    = {Goldhaber, Dan and Walch, Joe and Gabele, Brian},
  title     = {Does the model matter? Exploring the relationship between different student achievement-based teacher assessments},
  journal   = {Statistics and Public Policy},
  year      = {2014},
  volume    = {1},
  number    = {1},
  pages     = {28--39},
  groups    = {diffmodelsVAM},
  publisher = {Taylor \& Francis},
}

@Article{koedel2015value,
  author    = {Koedel, Cory and Mihaly, Kata and Rockoff, Jonah},
  title     = {Value-added modeling: A review},
  journal   = {Economics of Education Review},
  year      = {2015},
  volume    = {47},
  pages     = {180--195},
  groups    = {frameworkreviewVAM},
  publisher = {Elsevier},
}

@PhdThesis{cunningham2014effects,
  author  = {Cunningham, Paula},
  title   = {The effects of value-added modeling decisions on estimates of teacher effectiveness},
  school  = {University of Iowa},
  type    = {Dissertation},
  date    = {2014},
  groups  = {frameworkreviewVAM},
  url     = {https://ir.uiowa.edu/etd/1445/},
  urldate = {2018-08-28},
}

@Misc{castellano2013practitioner,
  author       = {Castellano, Katherine and Ho, Andrew},
  title        = {A Practitioner's Guide to Growth Models},
  howpublished = {\url{https://files.eric.ed.gov/fulltext/ED551292.pdf}},
  year         = {2013},
  note         = {Commissioned by the Technical Issues in Large-Scale Assessment and Accountability Systems \& Reporting},
  groups       = {frameworkreviewVAM},
  publisher    = {Council of Chief State School Officers},
  urldate      = {2018-08-28},
}

@Misc{briggs2009growth,
  author       = {Briggs, Derek and Betebenner, Damian},
  title        = {Is growth in student achievement scale dependent},
  howpublished = {\url{www.cde.state.co.us/sites/default/files/documents/accountability/downloads/tap/growthscaledependent.pdf}},
  year         = {2009},
  note         = {Unpublished manuscript. Presented at the annual meeting of National Council for Measurement in Education},
  groups       = {frameworkreviewVAM},
  urldate      = {2018-08-27},
}

@Article{betebenner2009norm,
  author    = {Betebenner, Damian},
  title     = {Norm-and criterion-referenced student growth},
  journal   = {Educational Measurement: Issues and Practice},
  year      = {2009},
  volume    = {28},
  number    = {4},
  pages     = {42--51},
  groups    = {StudentGrowthPercentilesVAM},
  publisher = {Wiley Online Library},
}

@Misc{bildungsberichterstattung2016bildung,
  author       = {Autorengruppe Bildungsberichterstattung},
  title        = {Bildung in Deutschland 2016: ein indikatorengest{\"u}tzter Bericht mit einer Analyse zu Bildung und Migration},
  howpublished = {\url{https://www.bildungsbericht.de/de/bildungsberichte-seit-2006/bildungsbericht-2016/bildung-in-deutschland-2016}},
  year         = {2016},
  note         = {Accessed: 2018-08-22},
  groups       = {BildungsberichteBD},
  publisher    = {W. Bertelsmann Verlag},
}

@Misc{bildungsberichterstattung2018bildung,
  author       = {Autorengruppe Bildungsberichterstattung},
  title        = {Bildung in Deutschland 2018: ein indikatorengest{\"u}tzter Bericht mit einer Analyse zu Wirkung und Ertr{\"a}gen von Bildung},
  howpublished = {\url{https://www.bildungsbericht.de/de/bildungsberichte-seit-2006/bildungsbericht-2018/bildung-in-deutschland-2018}},
  year         = {2018},
  note         = {Accessed: 2018-08-22},
  groups       = {BildungsberichteBD},
  publisher    = {W. Bertelsmann Verlag},
}

@Article{everson2017value,
  author    = {Everson, Kimberlee},
  title     = {Value-added modeling and educational accountability: Are we answering the real questions?},
  journal   = {Review of Educational Research},
  year      = {2017},
  volume    = {87},
  number    = {1},
  pages     = {35--70},
  groups    = {theoryVAM},
  publisher = {SAGE Publications},
}

@Article{sass2014value,
  author    = {Sass, Tim and Semykina, Anastasia and Harris, Douglas},
  title     = {Value-added models and the measurement of teacher productivity},
  journal   = {Economics of Education Review},
  year      = {2014},
  volume    = {38},
  pages     = {9--23},
  groups    = {diffmodelsVAM},
  publisher = {Elsevier},
}

@PhdThesis{garai2017smallschoolsystems,
  author  = {Garai, Julie},
  title   = {A Characterization of a Value Added Model and a New Multi-Stage Model For Estimating Teacher Effects Within Small School Systems},
  school  = {University of Nebraska-Lincoln},
  type    = {Dissertation},
  date    = {2017},
  groups  = {frameworkreviewVAM},
  url     = {http://digitalcommons.unl.edu/statisticsdiss/19/},
  urldate = {2018-09-08},
}

@Book{coleman1966equality,
  title     = {Equality of educational opportunity},
  publisher = {Inter-university Consortium for Political and Social Research},
  year      = {1966},
  author    = {Coleman, James},
  groups    = {CIPOmodellSQM},
}

@Article{stufflebeam1971relevance,
  author    = {Stufflebeam, Daniel},
  title     = {The relevance of the CIPP evaluation model for educational accountability},
  year      = {1971},
  groups    = {CIPOmodellSQM},
  publisher = {ERIC},
}

@Article{scheerens1990school,
  author    = {Scheerens, Jaap},
  title     = {School effectiveness research and the development of process indicators of school functioning},
  journal   = {School effectiveness and school improvement},
  year      = {1990},
  volume    = {1},
  number    = {1},
  pages     = {61--80},
  groups    = {CIPOmodellSQM},
  publisher = {Taylor \& Francis},
}

@Article{ditton2000qualitatskontrolle,
  author    = {Ditton, Hartmut},
  title     = {Qualit{\"a}tskontrolle und Qualit{\"a}tssicherung in Schule und Unterricht. Ein {\"U}berblick zum Stand der empirischen Forschung},
  journal   = {Zeitschrift f{\"u}r P{\"a}dagogik},
  year      = {2000},
  number    = {41},
  groups    = {CIPOmodellSQM},
  publisher = {Beltz},
}

@InCollection{helmke2010merkmale,
  author    = {Helmke, Andreas and Schrader, Friedrich-Wilhelm},
  title     = {Merkmale der Unterrichtsqualit{\"a}t: Potenzial, Reichweite und Grenzen},
  booktitle = {Qualit{\"a}tssicherung im Bildungswesen. Auftrag und Anspruch der bayerischen Qualit{\"a}tsagentur},
  publisher = {Waxmann Verlag},
  year      = {2010},
  pages     = {69--108},
  groups    = {ErweiterungenSQM},
}

@InCollection{klieme2013pisaCIPO,
  author    = {Klieme, Eckhard and Vieluf, Svenja},
  title     = {Schulische Bildung im internationalen Vergleich},
  booktitle = {PISA 2009-Impulse f{\"u}r die Schul-und Unterrichtsforschung},
  publisher = {Beltz Juventa},
  year      = {2013},
  pages     = {229--246},
  groups    = {CIPOmodellSQM},
}

@InCollection{willems2015ganztagsschulen,
  author    = {Willems, Ariane and Becker, Dominik},
  title     = {Ganztagsschulen-Qualit{\"a}tsmodelle, Potenziale und Herausforderungen f{\"u}r die Schulpraxis und die empirische Schul-und Unterrichtsforschung},
  booktitle = {Auf dem Weg zum gebundenen Ganztagsgymnasium. Erste Ergebnisse der wissenschaftlichen Begleitforschung zum Projekt ``Ganz In''},
  publisher = {Ganz In},
  year      = {2015},
  pages     = {32--66},
  groups    = {CIPOmodellSQM},
}

@Article{chang2018applying,
  author    = {Chang, Dian-Fu and Lin, Ni-Jung},
  title     = {Applying CIPO indicators to examine internationalization in higher education institutions in Taiwan},
  journal   = {International Journal of Educational Development},
  year      = {2018},
  groups    = {CIPOapplied},
  publisher = {Elsevier},
}

@InCollection{kuger2016dimensions,
  author    = {Kuger, Susanne and Klieme, Eckhard},
  title     = {Dimensions of context assessment},
  booktitle = {Assessing Contexts of Learning. An International Perspective},
  publisher = {Springer},
  year      = {2016},
  pages     = {3--37},
  groups    = {CIPOmodellSQM},
}

@Book{planty2010understanding,
  title     = {Understanding education indicators: A practical primer for research and policy},
  publisher = {Teachers College Press},
  year      = {2010},
  author    = {Planty, Mike},
  groups    = {I_Bildungsindikatoren},
}

@Book{tippelt2018handbuch,
  title         = {Handbuch Bildungsforschung},
  publisher     = {Springer},
  year          = {2018},
  author        = {Tippelt, Rudolf and Schmidt-Hertha, Bernhard},
  __markedentry = {[Hobbit:]},
  groups        = {II_mostGeneral},
}

@Book{baethge2010indikatoren,
  title     = {Indikatorenentwicklung f{\"u}r den nationalen Bildungsbericht ``Bildung in Deutschland''},
  publisher = {BMBF},
  year      = {2010},
  author    = {Baethge, Martin and D{\"o}bert, Hans and F{\"u}ssel, Hans-Peter and Hetmeier, Heinz-Werner and Rauschenbach, Thomas and Rockmann, Ulrike and Seeber, Susan and Weishaupt, Horst and Wolter, Andr{\"a}},
  groups    = {I_Bildungsindikatoren},
}

@Article{selden1990developing,
  author    = {Selden, Ramsay W},
  title     = {Developing educational indicators: A state-national perspective},
  journal   = {International Journal of Educational Research},
  year      = {1990},
  volume    = {14},
  number    = {4},
  pages     = {383--393},
  groups    = {I_Bildungsindikatoren},
  publisher = {Elsevier},
}

@Book{educational2014standards,
  title     = {Standards for Educational and Psychological Testing},
  publisher = {American Educational Research Association},
  year      = {2014},
  author    = {AERA and APA and NCME},
  groups    = {AccountabilityStandardsVAM},
}

@Article{acquah2013school,
  author    = {Acquah, Daniel},
  title     = {School accountability in England: Past, present and future},
  year      = {2013},
  groups    = {AccountabilityStandardsVAM},
  publisher = {Centre for Education Research and Policy},
}

@Article{sauerwein2016anmerkungen,
  author  = {Sauerwein, Markus and Klieme, Eckhard},
  title   = {Anmerkungen zum Qualit{\"a}tsbegriff in der Bildungsforschung},
  journal = {Schweizerische Zeitschrift f{\"u}r Bildungswissenschaften},
  year    = {2016},
  volume  = {38},
  number  = {3},
  pages   = {459--478},
  groups  = {AccountabilityStandardsVAM},
}

@Article{groves2010totalsurverror,
  author    = {Groves, Robert M and Lyberg, Lars},
  title     = {Total survey error: Past, present, and future},
  journal   = {Public opinion quarterly},
  year      = {2010},
  volume    = {74},
  number    = {5},
  pages     = {849--879},
  groups    = {TotalSurveyErrorTT},
  publisher = {Oxford University Press},
}

@Article{smith2011refining,
  author    = {Smith, Tom},
  title     = {Refining the total survey error perspective},
  journal   = {International Journal of Public Opinion Research},
  year      = {2011},
  volume    = {23},
  number    = {4},
  pages     = {464--484},
  groups    = {TotalSurveyErrorTT},
  publisher = {Oxford University Press},
}

@InCollection{fiege2016faire,
  author    = {Fiege, Christiane},
  title     = {Faire Vergleiche bei Vergleichsarbeiten: M{\"o}glichkeiten und Grenzen},
  booktitle = {Sozialindices f{\"u}r Schulen: Hintergr{\"u}nde, Methoden und Anwendung},
  publisher = {Waxmann Verlag},
  year      = {2016},
  pages     = {71--96},
  groups    = {I_Bildungsindikatoren},
}

@Article{resch2018test,
  author    = {Resch, Alexandra and Isenberg, Eric},
  title     = {How do test scores at the ceiling affect value-added estimates?},
  journal   = {Statistics and Public Policy},
  year      = {2018},
  volume    = {5},
  number    = {1},
  pages     = {1--6},
  groups    = {testingVAM},
  publisher = {Taylor \& Francis},
}

@InCollection{SauerweinUnterscheidungskrit2018,
  author    = {Sauerwein, M and Hannemann, J and Rollett, W},
  title     = {Erg{\"a}nzende Unterscheidungskriterien f{\"u}r die Organisationsform von Ganztagsschulen: Inhaltliche Breite des Angebotes, konzeptuelle Verbindungen und Zeitorganisation},
  booktitle = {Does ``What works'' work? Bildungspolitik, Bildungsadministration und Bildungsforschung im Dialog},
  publisher = {Waxmann},
  year      = {2018},
  pages     = {241--258},
  groups    = {KlassifizierungSchultypenPS},
}

@InCollection{kielblock2014kapitelgtsformen,
  author    = {Kielblock, Stephan and Stecher, Ludwig},
  title     = {Kapitel 1 Ganztagsschule und ihre Formen},
  booktitle = {Die Ganztagsschule. Eine Einf{\"u}hrung},
  publisher = {Beltz Juventa},
  year      = {2014},
  pages     = {13--28},
  groups    = {KlassifizierungSchultypenPS},
}

@InCollection{blosse2011ganzorgaformen,
  author    = {Blo{\ss}e, Stephan},
  title     = {Ganzt{\"a}gige Organisationsformen s{\"a}chsischer Schulen},
  booktitle = {Vision und Alltag der Ganztagsschule},
  publisher = {Beltz Juventa},
  year      = {2011},
  pages     = {145-161},
  groups    = {KlassifizierungSchultypenPS},
}

@Article{Tillmann2018MultiprofessionelleKop,
  author  = {Tillmann, Katja and Rollett, Wolfram},
  title   = {Multiprofessionelle Kooperation im Ganztag. Ergebnisse aus der Studie zur Entwicklung von Ganztagsschulen},
  journal = {Lernende Schule},
  year    = {2018},
  number  = {81},
  groups  = {externalemployeePS},
}

@Misc{klemm2016landesseitige,
  author    = {Klemm, Klaus and Zorn, Dirk},
  title     = {Die landesseitige Ausstattung gebundener Ganztagsschulen mit personellen Ressourcen. Ein Bundesl{\"a}ndervergleich},
  year      = {2016},
  groups    = {FederalStatesPS},
  publisher = {G{\"u}tersloh},
}

@InCollection{roitsch2015bildlehrer,
  author    = {Roitsch, Jutta},
  title     = {Ein Bild mit blinden Flecken. {\"U}ber Werte und Einstellungen von Lehrerinnen und lehrern Eine Spurensuche},
  booktitle = {Hauptsache Bildung. Wissenschaft, Politik, Medien und Gewerkschaften nach PISA},
  publisher = {Waxmann},
  year      = {2015},
  pages     = {85--95},
  groups    = {PersonalityTeachersPS},
}

@Article{johnson2004mixed,
  author    = {Johnson, Burke and Onwuegbuzie, Anthony},
  title     = {Mixed methods research: A research paradigm whose time has come},
  journal   = {Educational researcher},
  year      = {2004},
  volume    = {33},
  number    = {7},
  pages     = {14--26},
  groups    = {interdisciplinarityMIS},
  publisher = {Sage Publications Sage CA: Thousand Oaks, CA},
}

@Article{nissani1997ten,
  author    = {Nissani, Moti},
  title     = {Ten cheers for interdisciplinarity: The case for interdisciplinary knowledge and research},
  journal   = {The social science journal},
  year      = {1997},
  volume    = {34},
  number    = {2},
  pages     = {201--216},
  groups    = {interdisciplinarityMIS},
  publisher = {Citeseer},
}

@Book{willems2009bildung,
  title     = {Bildung als sozialer Prozess},
  publisher = {Beltz Juventa},
  year      = {2009},
  author    = {Willems, Katharina and Budde, J{\"u}rgen},
  groups    = {BucherBildungallgBD},
}

@Book{coelen2014ganztagsschule,
  title     = {Die Ganztagsschule: Eine Einf{\"u}hrung},
  publisher = {Beltz Juventa},
  year      = {2014},
  author    = {Coelen, Thomas},
  groups    = {GanztagsschulenBD},
}

@Book{stecher2012ganztagsschule,
  title     = {Ganztagsschule-Neue Schule?: eine Forschungsbilanz},
  publisher = {VS Verlag f{\"u}r Sozialwissenschaften},
  year      = {2012},
  author    = {Stecher, Ludwig and Kr{\"u}ger, Heinz-Hermann and Rauschenbach, Thomas},
  groups    = {GanztagsschulenBD},
}

@TechReport{helbig2017alter,
  author      = {Helbig, Marcel and Nikolai, Rita},
  title       = {Alter Wolf im neuen Schafspelz? Die Persistenz sozialer Ungleichheiten im Berliner Schulsystem},
  institution = {WZB Discussion Paper},
  year        = {2017},
  groups      = {SpezfischeArtikelBD},
}

@InCollection{spillebeen2014verandert,
  author    = {Spillebeen, Lea and Willems, Ariane},
  title     = {Wie ver{\"a}ndert sich die Schulqualit{\"a}t an Ganztagsschulen aus Sicht der Lehrkr{\"a}fte? Zur Anwendung von latenten Maver-Stayer-Modellen},
  booktitle = {Empirische Bildungsforschung und evidenzbasierte Reformen im Bildungswesen},
  publisher = {Waxmann Verlag},
  year      = {2014},
  pages     = {307--326},
  groups    = {EmpirischeBildungsforschungBD},
}

@Article{szczesny2011differenzielle,
  author  = {Szczesny, Markus and Watermann, Rainer},
  title   = {Differenzielle Einfl{\"u}sse von Familie und Schulform auf Leseleistung und soziale Kompetenzen},
  journal = {Journal of Educational Research Online/Journal f{\"u}r Bildungsforschung Online},
  year    = {2011},
  volume  = {3},
  number  = {1},
  pages   = {168--193},
  groups  = {EmpirischeBildungsforschungBD},
}

@Article{kuhn2011zusammenhange,
  author    = {Kuhn, Hans Peter and Fischer, Natalie},
  title     = {Zusammenh{\"a}nge zwischen Schulnoten und problematischem Sozialverhalten in der Ganztagsschule: Entwickeln sich Ganztagssch{\"u}ler/-innen besser?},
  journal   = {Zeitschrift f{\"u}r Erziehungswissenschaft},
  year      = {2011},
  volume    = {14},
  number    = {3},
  pages     = {143},
  groups    = {EmpirischeBildungsforschungBD},
  publisher = {Springer},
}

@Article{nagy2016modeling,
  author  = {Nagy, Gabriel and L{\"u}dtke, Oliver and K{\"o}ller, Olaf},
  title   = {Modeling test context effects in longitudinal achievement data: Examining position effects in the longitudinal German PISA 2012 assessment},
  journal = {Psychological test and assessment modeling},
  year    = {2016},
  volume  = {58},
  number  = {4},
  pages   = {641--670},
  groups  = {weiterfuehrendBD},
}

@Article{zuchner2014kompensatorische,
  author    = {Z{\"u}chner, Ivo and Fischer, Natalie},
  title     = {Kompensatorische Wirkungen von Ganztagsschulen--Ist die Ganztagsschule ein Instrument zur Entkopplung des Zusammenhangs von sozialer Herkunft und Bildungserfolg?},
  journal   = {Zeitschrift f{\"u}r Erziehungswissenschaft},
  year      = {2014},
  volume    = {17},
  number    = {2},
  pages     = {349--367},
  groups    = {SpezfischeArtikelBD},
  publisher = {Springer},
}

@Article{fischer2014narrowing,
  author  = {Fischer, Natalie and Theis, D{\'e}sir{\'e}e and Z{\"u}cher, Ivo},
  title   = {Narrowing the gap? The role of all-day schools in reducing educational inequality in Germany},
  journal = {IJREE--International Journal for Research on Extended Education},
  year    = {2014},
  volume  = {2},
  number  = {1},
  groups  = {SpezfischeArtikelBD},
}

@Book{fischer2011ganztagsschule,
  title     = {Ganztagsschule: Entwicklung, Qualit{\"a}t, Wirkungen: L{\"a}ngsschnittliche Befunde der Studie zur Entwicklung von Ganztagsschulen (StEG)},
  publisher = {Beltz Juventa},
  year      = {2011},
  author    = {Fischer, Natalie and Holtappels, Heinz G{\"u}nter and Klieme, Eckhard and Rauschenbach, Thomas and Stecher, Ludwig and Z{\"u}chner, Ivo},
  groups    = {StudieStEG},
}

@Article{klieme2010ganztagsschule,
  author  = {Klieme, Eckhard and Fischer, Natalie and Holtappels, HG and Rauschenbach, Th and Stecher, L},
  title   = {Ganztagsschule: Entwicklung und Wirkungen. Ergebnisse der Studie zur Entwicklung von Ganztagsschulen 2005-2010},
  journal = {StEG-Konsortium},
  year    = {2010},
  groups  = {StudieStEG},
}

@Article{klieme2015ganztagsschule,
  author  = {Klieme, Eckhard and Fischer, Natalie and Holtappels, HG and Rauschenbach, Th and Stecher, L},
  title   = {Ganztagsschule: Bildungsqualit{\"a}t und Wirkungen ausserunterrichtlicher Angebote. Ergebnisse der Studie zur Entwicklung von Ganztagsschulen 2012-2015},
  journal = {StEG-Konsortium},
  year    = {2015},
  groups  = {StudieStEG},
}

@InCollection{Tillmann2015pisaschock,
  author    = {Tillmann, Klaus-J{\"u}rgen},
  title     = {Der ``PISA-Schock'' im Spiegel der Presse. Eine empirische Analyse regionaler und {\"u}berregionaler Printmedien},
  booktitle = {Hauptsache Bildung. Wissenschaft, Politik, Medien und Gewerkschaften nach PISA},
  publisher = {Waxmann},
  year      = {2015},
  pages     = {9--25},
  groups    = {PISAschockBD},
}

@Article{waldow2009pisa,
  author    = {Waldow, Florian},
  title     = {What PISA did and did not do: Germany after the ``PISA-shock''},
  journal   = {European Educational Research Journal},
  year      = {2009},
  volume    = {8},
  number    = {3},
  pages     = {476--483},
  groups    = {PISAschockBD},
  publisher = {SAGE Publications Sage UK: London, England},
}

@Book{heller2000kognitiver,
  title     = {Kognitiver F{\"a}higkeitstest f{\"u}r 4. bis 12. Klassen, Revision: KFT 4-12+ R},
  publisher = {Beltz-Test},
  year      = {2000},
  author    = {Heller, Kurt A and Perleth, Christoph},
  groups    = {VariablenStEGBD},
}

@Book{amelang2016differentielle,
  title     = {Differentielle Psychologie und Pers{\"o}nlichkeitsforschung},
  publisher = {Verlag W. Kohlhammer},
  year      = {2016},
  author    = {Stemmler, Gerhard and Hagemann, Dirk and Amelang, Manfred and Spinath, Frank},
  groups    = {VariablenStEGBD},
}

@Misc{codebuch2014schueler,
  author       = {Furthm{\"u}ller, Peter},
  title        = {Codebuch Sch{\"u}ler/innen der Sekundarstufe I. Dokumentation der Frageb{\"o}gen 2005 bis 2009},
  howpublished = {\url{https://www.iqb.hu-berlin.de/fdz/studies/StEG/StEG_CB_s.pdf}},
  year         = {2014},
  note         = {Accessed: 2018-08-27},
  groups       = {technischesStEGBD},
  publisher    = {StEG-Konsortium},
}

@InCollection{czinglar2015beeinflusst,
  author    = {Czinglar, Christine and Korecky-Kr{\"o}ll, Katharina and Uzunkaya-Sharma, Kumru and Dressler, Wolfgang},
  title     = {Wie beeinflusst der sozio{\"o}konomische Status den Erwerb der Erst-und Zweitsprache?},
  booktitle = {Deutsche Grammatik in Kontakt: Deutsch als Zweitsprache in Schule und Unterricht},
  publisher = {Walter de Gruyter GmbH \& Co KG},
  year      = {2015},
  pages     = {207--240},
  groups    = {VariablenStEGBD},
}

@Article{mcelvany2016qualitative,
  author    = {McElvany, Nele and El-Khechen, Wahiba and Schwabe, Franziska and Kessels, Ursula},
  title     = {Qualitative Wortschatzunterschiede zwischen M{\"a}dchen und Jungen im Grundschulalter},
  journal   = {Zeitschrift f{\"u}r P{\"a}dagogische Psychologie},
  year      = {2016},
  groups    = {VariablenStEGBD},
  publisher = {Hogrefe AG},
}

@Article{gyllstad2015assessing,
  author    = {Gyllstad, Henrik and Vilkait{\.e}, Laura and Schmitt, Norbert},
  title     = {Assessing vocabulary size through multiple-choice formats: Issues with guessing and sampling rates},
  journal   = {ITL-International Journal of Applied Linguistics},
  year      = {2015},
  volume    = {166},
  number    = {2},
  pages     = {278--306},
  groups    = {VariablenStEGBD},
  publisher = {John Benjamins Publishing Company},
}

@Article{ganzeboom1992standard,
  author    = {Ganzeboom, Harry and De Graaf, Paul and Treiman, Donald},
  title     = {A standard international socio-economic index of occupational status},
  journal   = {Social science research},
  year      = {1992},
  volume    = {21},
  number    = {1},
  pages     = {1--56},
  groups    = {VariablenStEGBD},
  publisher = {Academic Press},
}

@Article{furthmuller2016methodenbericht,
  author = {Furthm{\"u}ller, Peter},
  title  = {Methodenbericht: Dokumentation der Scientific-Use-Files des StEG Datensatzes von 2005 bis 2009},
  year   = {2016},
  groups = {technischesStEGBD},
}

@Misc{kmk2006sekretariat,
  author       = {Kultusministerkonferenz},
  title        = {Gesamtstrategie der Kultusministerkonferenz zum Bildungsmonitoring},
  howpublished = {\url{https://www.kmk.org/themen/qualitaetssicherung-in-schulen/bildungsmonitoring.html}},
  year         = {2006},
  note         = {Accessed: 2018-08-29},
  groups       = {AllgemeinBD},
  publisher    = {Sekretariat der Kultusministerkonferenz},
}

@InCollection{klemm2015bildungsforschung,
  author    = {Klemm, Klaus},
  title     = {Bildungsforschung und Bildungspolitik. Eine schwierige Beziehung},
  booktitle = {Hauptsache Bildung. Wissenschaft, Politik, Medien und Gewerkschaften nach PISA},
  publisher = {Waxmann},
  year      = {2015},
  pages     = {39--48},
  groups    = {BildungsfBildungspoliBD},
}

@InCollection{meng2015bildungsforschung,
  author    = {Meng, Richard},
  title     = {Das Glashaus der chronisch Unzufriedenen},
  booktitle = {Hauptsache Bildung. Wissenschaft, Politik, Medien und Gewerkschaften nach PISA},
  publisher = {Waxmann},
  year      = {2015},
  pages     = {75--84},
  groups    = {BildungsfBildungspoliBD},
}

@Book{hussmanniglu2016,
  title     = {IGLU 2016. Lesekompetenzen von Grundschulkindern in Deutschland im internationalen Vergleich},
  publisher = {Waxmann},
  year      = {2016},
  author    = {Hu{\ss}mann, Anke and Wendt, Heike and Bos, Wilfried and Bremerich-Vos, Albert and Kasper, Daniel and Lankes, Eva-Maria and Mcelvany, Nele and Stubbe, Tobias},
  groups    = {StudieIGLU},
}

@Book{reiss2016pisa,
  title     = {PISA 2015. Eine Studie zwischen Kontinuit{\"a}t und Innovation},
  publisher = {Waxmann},
  year      = {2016},
  author    = {Reiss, Kristina and S{\"a}lzer, Christine and Schiepe-Tiska, Anja and Klieme, Eckhard and K{\"o}ller, Olaf},
  groups    = {StudiePISA},
}

@TechReport{messick1994validity,
  author      = {Messick, Samuel},
  title       = {Validity of psychological assessment: Validation of inferences from persons responses and performances as scientific inquiry into score meaning},
  institution = {Conference on Contemporary Psychological Assessment},
  year        = {1994},
  groups      = {GrundlegendesTT},
}

@Book{moosbrugger2012testtheorie,
  title     = {Testtheorie und Fragebogenkonstruktion},
  publisher = {Springer},
  year      = {2012},
  author    = {Moosbrugger, Helfried and Kelava, Augustin},
  groups    = {GrundlegendesTT},
}

@Article{hyde2014gender,
  author    = {Hyde, Janet Shibley},
  title     = {Gender similarities and differences},
  journal   = {Annual review of psychology},
  year      = {2014},
  volume    = {65},
  pages     = {373--398},
  groups    = {VariablenStEGBD},
  publisher = {Annual Reviews},
}

@Book{lutkepohl2005new,
  title     = {New introduction to multiple time series analysis},
  publisher = {Springer Science \& Business Media},
  year      = {2005},
  author    = {L{\"u}tkepohl, Helmut},
  groups    = {II_TimeSeriesAnalysis},
}

@Book{lutkepohl2004applied,
  title     = {Applied time series econometrics},
  publisher = {Cambridge University Press},
  year      = {2004},
  author    = {L{\"u}tkepohl, Helmut and Kr{\"a}tzig, Markus},
  groups    = {II_TimeSeriesAnalysis},
}

@Book{kirchgassner2013introduction,
  title     = {Introduction to modern time series analysis},
  publisher = {Springer Science \& Business Media},
  year      = {2013},
  author    = {Kirchg{\"a}ssner, Gebhard and Wolters, J{\"u}rgen and Hassler, Uwe},
  groups    = {II_TimeSeriesAnalysis},
}

@Book{salzer2016studienbuch,
  title     = {Studienbuch Schulleistungsstudien: das Rasch-Modell in der Praxis},
  publisher = {Springer},
  year      = {2016},
  author    = {S{\"a}lzer, Christine},
  groups    = {AllgemeinBD},
}

@Misc{clark2017LGC,
  author       = {Clark, Michael},
  title        = {Graphical and Latent Variable Modeling},
  howpublished = {\url{http://m-clark.github.io/docs/sem/}},
  month        = {8},
  year         = {2017},
  note         = {Accessed: 2018-07-12},
  groups       = {MM_LGC_GLM},
}

@Article{hox2005multilevel,
  author    = {Hox, Joop and Stoel, Reinoud},
  title     = {Multilevel and SEM approaches to growth curve modeling},
  year      = {2005},
  groups    = {MM_LGC_GLM},
  publisher = {John Wiley \& Sons},
}

@Article{shin2007comparison,
  author    = {Shin, Tacksoo},
  title     = {Comparison of three growth modeling techniques in the multilevel analysis of longitudinal academic achievement scores: Latent growth modeling, hierarchical linear modeling, and longitudinal profile analysis via multidimensional scaling},
  journal   = {Asia Pacific Education Review},
  year      = {2007},
  volume    = {8},
  number    = {2},
  pages     = {262--275},
  groups    = {MM_LGC_GLM},
  publisher = {Springer},
}

@Article{hox2013multilevel,
  author    = {Hox, Joop},
  title     = {Multilevel regression and multilevel structural equation modeling},
  journal   = {The Oxford handbook of quantitative methods},
  year      = {2013},
  volume    = {2},
  number    = {1},
  pages     = {281--294},
  groups    = {MM_LGC_GLM},
  publisher = {Oxford University Press New York, NY},
}

@InCollection{ghisletta2015linear,
  author    = {Ghisletta, Paolo and Renaud, Olivier and Jacot, Nad{\`e}ge and Courvoisier, Delphine},
  title     = {Linear mixed-effects and latent curve models for longitudinal life course analyses},
  booktitle = {A life course perspective on health trajectories and transitions},
  publisher = {Springer},
  year      = {2015},
  pages     = {155--178},
  groups    = {MM_LGC_GLM},
}

@Book{hox2010multilevel,
  title     = {Multilevel analysis: Techniques and applications},
  publisher = {Routledge},
  year      = {2010},
  author    = {Hox, Joop},
  groups    = {MixedModelsGLM},
}

@Article{bates2014fitting,
  author  = {Bates, Douglas and M{\"a}chler, Martin and Bolker, Ben and Walker, Steve},
  title   = {Fitting linear mixed-effects models using lme4},
  journal = {Journal of Statistical Software},
  year    = {2014},
  groups  = {RpackagesMMGLM},
}

@Misc{bolker2018GLMM,
  author       = {Bolker, Ben},
  title        = {GLMM FAQ},
  howpublished = {\url{https://bbolker.github.io/mixedmodels-misc/glmmFAQ.html}},
  month        = {7},
  year         = {2018},
  note         = {Accessed: 2018-07-12},
  groups       = {MixedModelsGLM},
}

@Article{steenbergen2002modeling,
  author    = {Steenbergen, Marco and Jones, Bradford},
  title     = {Modeling multilevel data structures},
  journal   = {american Journal of political Science},
  year      = {2002},
  pages     = {218--237},
  groups    = {MotivationMMGLM},
  publisher = {JSTOR},
}

@Article{van2005consequence,
  author    = {Van Landeghem, Georges and De Fraine, Bieke and Van Damme, Jan},
  title     = {The consequence of ignoring a level of nesting in multilevel analysis: A comment},
  journal   = {Multivariate Behavioral Research},
  year      = {2005},
  volume    = {40},
  number    = {4},
  pages     = {423--434},
  groups    = {MotivationMMGLM},
  publisher = {Taylor \& Francis},
}

@Article{moerbeek2004consequence,
  author    = {Moerbeek, Mirjam},
  title     = {The consequence of ignoring a level of nesting in multilevel analysis},
  journal   = {Multivariate Behavioral Research},
  year      = {2004},
  volume    = {39},
  number    = {1},
  pages     = {129--149},
  groups    = {MotivationMMGLM},
  publisher = {Taylor \& Francis},
}

@Article{baayen2008mixed,
  author    = {Baayen, Harald and Davidson, Douglas and Bates, Douglas},
  title     = {Mixed-effects modeling with crossed random effects for subjects and items},
  journal   = {Journal of memory and language},
  year      = {2008},
  volume    = {59},
  number    = {4},
  pages     = {390--412},
  groups    = {BezugRpackagesMMGLM},
  publisher = {Elsevier},
}

@Misc{windzio2008mehrebenenanalyse,
  author       = {Windzio, Michael},
  title        = {Die Mehrebenenanalyse als Regressionsmodell f{\"u}r hierarchische Daten},
  howpublished = {\url{www.migremus.uni-bremen.de/images/stories/pdf/tutoWorkshop.pdf}},
  month        = {4},
  year         = {2008},
  note         = {Accessed: 2018-07-12},
  groups       = {GrundlegendesArtikelMMGLM},
  publisher    = {Universit{\"a}t Bremen},
}

@Article{nieuwenhuis2012influence,
  author  = {Nieuwenhuis, Rense and te Grotenhuis, HF and Pelzer, BJ},
  title   = {Influence.ME: tools for detecting influential data in mixed effects models},
  journal = {The R Journal},
  year    = {2012},
  groups  = {RpackagesMMGLM},
}

@Article{yu2015multicollinearity,
  author    = {Yu, Han and Jiang, Shanhe and Land, Kenneth},
  title     = {Multicollinearity in hierarchical linear models},
  journal   = {Social science research},
  year      = {2015},
  volume    = {53},
  pages     = {118--136},
  groups    = {GrundlegendesArtikelMMGLM},
  publisher = {Elsevier},
}

@Article{schmidt2016pretest,
  author    = {Schmidt, Susanne and Zlatkin-Troitschanskaia, Olga and Fox, Jean-Paul},
  title     = {Pretest-Posttest-Posttest Multilevel IRT Modeling of Competence Growth of Students in Higher Education in Germany},
  journal   = {Journal of educational measurement},
  year      = {2016},
  volume    = {53},
  number    = {3},
  pages     = {332--351},
  groups    = {weiterfuehrendIRT},
  publisher = {Wiley Online Library},
}

@Article{nakagawa2017coefficient,
  author    = {Nakagawa, Shinichi and Johnson, Paul CD and Schielzeth, Holger},
  title     = {The coefficient of determination R2 and intra-class correlation coefficient from generalized linear mixed-effects models revisited and expanded},
  journal   = {Journal of the Royal Society Interface},
  year      = {2017},
  volume    = {14},
  number    = {134},
  pages     = {1 -- 11},
  groups    = {BezugRpackagesMMGLM},
  publisher = {The Royal Society},
}

@Article{lahuis2014explained,
  author    = {LaHuis, David M and Hartman, Michael J and Hakoyama, Shotaro and Clark, Patrick C},
  title     = {Explained variance measures for multilevel models},
  journal   = {Organizational Research Methods},
  year      = {2014},
  volume    = {17},
  number    = {4},
  pages     = {433--451},
  groups    = {BezugRpackagesMMGLM},
  publisher = {Sage Publications Sage CA: Los Angeles, CA},
}

@Article{luke2017evaluating,
  author    = {Luke, Steven G},
  title     = {Evaluating significance in linear mixed-effects models in R},
  journal   = {Behavior Research Methods},
  year      = {2017},
  volume    = {49},
  number    = {4},
  pages     = {1494--1502},
  groups    = {BezugRpackagesMMGLM},
  publisher = {Springer},
}

@Article{reckase2004real,
  author    = {Reckase, Mark},
  title     = {The real world is more complicated than we would like},
  journal   = {Journal of Educational and Behavioral Statistics},
  year      = {2004},
  volume    = {29},
  number    = {1},
  pages     = {117--120},
  groups    = {theoryVAM},
  publisher = {Sage Publications},
}

@Article{austin2011introduction,
  author    = {Austin, Peter},
  title     = {An introduction to propensity score methods for reducing the effects of confounding in observational studies},
  journal   = {Multivariate behavioral research},
  year      = {2011},
  volume    = {46},
  number    = {3},
  pages     = {399--424},
  groups    = {PropensityScoreAnalysisSV},
  publisher = {Taylor \& Francis},
}

@Article{austin2011tutorial,
  author    = {Austin, Peter C},
  title     = {A tutorial and case study in propensity score analysis: an application to estimating the effect of in-hospital smoking cessation counseling on mortality},
  journal   = {Multivariate behavioral research},
  year      = {2011},
  volume    = {46},
  number    = {1},
  pages     = {119--151},
  groups    = {PropensityScoreAnalysisSV},
  publisher = {Taylor \& Francis},
}

@Article{broatch2018realvams,
  author  = {Broatch, Jennifer and Green, Jennifer and Karl, Andrew},
  title   = {RealVAMS: An R Package for Fitting a Multivariate Value-added Model (VAM)},
  journal = {The R Journal},
  year    = {2018},
  volume  = {10},
  number  = {1},
  pages   = {22--30},
  groups  = {estimationInRVAM},
}

@Article{lockwood2003using,
  author    = {Lockwood, J and Doran, Harold and McCaffrey, Daniel},
  title     = {Using R for estimating longitudinal student achievement models},
  year      = {2003},
  groups    = {estimationInRVAM},
  publisher = {Institut fr Medizininformatik, Biometrie und Epidemiologie Friedrich-Alexander-Universitt Erlangen-Nrnberg},
}

@Article{wright2017using,
  author    = {Wright, Daniel},
  title     = {Using graphical models to examine value-added models},
  journal   = {Statistics and Public Policy},
  year      = {2017},
  volume    = {4},
  number    = {1},
  pages     = {1--7},
  groups    = {estimationVAM},
  publisher = {Taylor \& Francis},
}

@InCollection{boeck2004framework,
  author    = {De Boeck, Paul and Wilson, Mark},
  title     = {A framework for item response models},
  booktitle = {Explanatory Item Response Models},
  publisher = {Springer},
  year      = {2004},
  pages     = {3--41},
  groups    = {GLMMapproachIRT},
}

@Misc{bates2010lme4,
  author    = {Bates, Douglas},
  title     = {lme4: Mixed-effects modeling with R},
  year      = {2010},
  groups    = {RpackagesMMGLM},
  publisher = {Springer},
}

@Misc{king2016propensity,
  author       = {King, Gary and Nielsen, Richard},
  title        = {Why propensity scores should not be used for matching},
  howpublished = {\url{https://gking.harvard.edu/files/gking/files/psnot.pdf}},
  year         = {2016},
  note         = {Accessed: 2018-09-08},
  groups       = {PropensityScoreAnalysisSV},
}

@Article{ready2013associations,
  author        = {Ready, Douglas David},
  title         = {Associations between student achievement and student learning: Implications for value-added school accountability models},
  journal       = {Educational Policy},
  year          = {2013},
  volume        = {27},
  number        = {1},
  pages         = {92--120},
  __markedentry = {[Hobbit:]},
  groups        = {diffmodelsVAM},
  publisher     = {Sage Publications Sage CA: Los Angeles, CA},
}

@Unpublished{bates2010cross,
  author = {Bates, J and Roberts Douglas},
  title  = {Cross-classified models in the context of value-added modeling},
  note   = {annual meeting of the Society for Research on Educational Effectiveness},
  year   = {2010},
  groups = {estimationInRVAM},
  url    = {\url{http://www.sree.org/conferences/2010/program/slides/5cg-5%20roberts%20present.pdf}},
}

@Article{doran2006fitting,
  author    = {Doran, Harold and Lockwood, J},
  title     = {Fitting value-added models in R},
  journal   = {Journal of educational and behavioral statistics},
  year      = {2006},
  volume    = {31},
  number    = {2},
  pages     = {205--230},
  groups    = {estimationInRVAM},
  publisher = {Sage Publications},
}

@Article{clark1976effects,
  author    = {Clark, William and Avery, Karen},
  title     = {The effects of data aggregation in statistical analysis},
  journal   = {Geographical Analysis},
  year      = {1976},
  volume    = {8},
  number    = {4},
  pages     = {428--438},
  groups    = {DataAggregationBI},
  publisher = {Wiley Online Library},
}

@Article{schwartz1994fallacy,
  author    = {Schwartz, Sharon},
  title     = {The fallacy of the ecological fallacy: the potential misuse of a concept and the consequences.},
  journal   = {American journal of public health},
  year      = {1994},
  volume    = {84},
  number    = {5},
  pages     = {819--824},
  groups    = {DataAggregationBI},
  publisher = {American Public Health Association},
}

@Book{bollen1989structuralequations,
  title     = {Structural Equations with Latent Variables},
  publisher = {John Wiley},
  year      = {1989},
  author    = {Bollen, Kenneth},
  groups    = {BucherSEMallgSEM},
}

@Book{hoyle2012handbook,
  title     = {Handbook of structural equation modeling},
  publisher = {Guilford Press},
  year      = {2012},
  author    = {Hoyle, Rick},
  groups    = {BucherSEMallgSEM},
}

@Book{hancock2013structural,
  title     = {Structural equation modeling: A second course},
  publisher = {Iap},
  year      = {2013},
  author    = {Hancock, Gregory R and Mueller, Ralph},
  groups    = {BucherSEMallgSEM},
}

@Book{kline2015principles,
  title     = {Principles and practice of structural equation modeling},
  publisher = {Guilford publications},
  year      = {2015},
  author    = {Kline, Rex},
  groups    = {BucherSEMallgSEM},
}

@Book{heck2015introduction,
  title     = {An introduction to multilevel modeling techniques: MLM and SEM approaches using Mplus},
  publisher = {Routledge},
  year      = {2015},
  author    = {Heck, Ronald and Thomas, Scott},
  groups    = {BucherSEMallgSEM},
}

@Book{skrondal2004generalized,
  title     = {Generalized latent variable modeling: Multilevel, longitudinal, and structural equation models},
  publisher = {Crc Press},
  year      = {2004},
  author    = {Skrondal, Anders and Rabe-Hesketh, Sophia},
  groups    = {frameworkLatentVariableModelmG},
}

@Book{fahrmeir2013regression,
  title     = {Regression Models, Methods and Applications},
  publisher = {Springer},
  year      = {2013},
  author    = {Fahrmeir, Ludwig and Kneib, Thomas and Lang, Stefan and Marx, Brian},
  groups    = {II_GeneralizedLinearModel},
}

@Article{doran2007estimating,
  author  = {Doran, Harold and Bates, Douglas and Bliese, Paul and Dowling, Maritza and others},
  title   = {Estimating the multilevel Rasch model: With the lme4 package},
  journal = {Journal of Statistical software},
  year    = {2007},
  volume  = {20},
  number  = {2},
  pages   = {1--18},
  groups  = {GLMMapproachIRT},
}

@Article{lamprianou2013application,
  author  = {Lamprianou, Iasonas},
  title   = {Application of single-level and multi-level Rasch models using the lme4 package},
  journal = {J Appl Meas},
  year    = {2013},
  volume  = {14},
  pages   = {79--90},
  groups  = {GLMMapproachIRT},
}

@Article{boeck2011estimation,
  author  = {De Boeck, Paul and Bakker, Marjan and Zwitser, Robert and Nivard, Michel and Hofman, Abe and Tuerlinckx, Francis and Partchev, Ivailo and others},
  title   = {The estimation of item response models with the lmer function from the lme4 package in R},
  journal = {Journal of Statistical Software},
  year    = {2011},
  volume  = {39},
  number  = {12},
  pages   = {1--28},
  groups  = {GLMMapproachIRT},
}

@Unpublished{ModTest2016Macho,
  author = {Macho, Siegfried},
  title  = {Moderne Testtheorie},
  note   = {Universit\'{e} de Fribourg},
  year   = {2016},
  groups = {GrundlegendesTT},
  url    = {\url{https://commonweb.unifr.ch/artsdean/pub/gestens/f/as/files/4660/43263_133801.pdf}},
}

@Book{newsom2015longitudinal,
  title     = {Longitudinal structural equation modeling: A comprehensive introduction},
  publisher = {Routledge},
  year      = {2015},
  author    = {Newsom, Jason T},
  groups    = {BucherSEMallgSEM},
}

@Book{bollen2006latent,
  title     = {Latent curve models: A structural equation perspective},
  publisher = {John Wiley \& Sons},
  year      = {2006},
  author    = {Bollen, Kenneth and Curran, Patrick},
  volume    = {467},
  groups    = {BucherLGCallgSEM},
}

@Book{preacher2008latent,
  title     = {Latent growth curve modeling},
  publisher = {Sage},
  year      = {2008},
  author    = {Preacher, Kristopher},
  number    = {157},
  groups    = {BucherLGCallgSEM},
}

@Book{little2013longitudinal,
  title     = {Longitudinal structural equation modeling},
  publisher = {Guilford Press},
  year      = {2013},
  author    = {Little, Todd},
  groups    = {BucherLGCallgSEM},
}

@Book{reinecke2014strukturgleichungsmodelle,
  title     = {Strukturgleichungsmodelle in den Sozialwissenschaften},
  publisher = {Walter de Gruyter GmbH \& Co KG},
  year      = {2014},
  author    = {Reinecke, Jost},
  groups    = {BucherSEMallgSEM},
}

@Book{held2013applied,
  title     = {Applied Statistical Inference: Likelihood and Bayes},
  publisher = {Springer Science \& Business Media},
  year      = {2013},
  author    = {Held, Leonhard and Bov{\'e}, Daniel Saban{\'e}s},
  groups    = {statisticalFundamentalsmG},
}

@Book{bartholomew2013unobserved,
  title     = {Unobserved Variables: Models and Misunderstandings},
  publisher = {Springer},
  year      = {2013},
  author    = {Bartholomew, David},
  groups    = {frameworkLatentVariableModelmG},
}

@Book{enders2010applied,
  title     = {Applied missing data analysis},
  publisher = {Guilford Press},
  year      = {2010},
  author    = {Enders, Craig},
  groups    = {MissingDatamG},
}

@PhdThesis{schurig2017latente,
  author  = {Schurig, Michael},
  title   = {Latente Variablenmodelle in der empirischen Bildungsforschung - Die Sch{\"a}rfe und Struktur der Schatten an der Wand},
  school  = {Technische Universit{\"a}t Dortmund},
  type    = {Dissertation},
  date    = {2017},
  groups  = {frameworkLatentVariableModelmG},
  url     = {https://eldorado.tu-dortmund.de/handle/2003/36026},
  urldate = {2018-09-19},
}

@Article{kim2006omitted,
  author        = {Kim, Jee-Seon and Frees, Edward},
  title         = {Omitted Variables in Multilevel Models},
  journal       = {Psychometrika},
  year          = {2006},
  volume        = {4},
  number        = {71},
  pages         = {659--690},
  __markedentry = {[Hobbit:]},
  groups        = {MotivationMMGLM},
}

@Book{rost2004lehrbuch,
  title   = {Lehrbuch Testtheorie-Testkonstruktion (2., vollst{\"a}ndig {\"u}berarbeitete und erweiterte Auflage)},
  year    = {2004},
  author  = {Rost, J{\"u}rgen},
  groups  = {BucherIRTallgIRT, GrundlegendesTT},
  journal = {Verlag Hans Huber},
}

@Book{koller2012rasch,
  title     = {Das Rasch Modell in der Praxis: Eine Einf{\"u}hrung in eRm},
  publisher = {UTB},
  year      = {2012},
  author    = {Koller, Ingrid and Alexandrowicz, Rainer and Hatzinger, Reinhold},
  groups    = {BucherIRTallgIRT},
}

@Article{hambleton1993CTTIRT,
  author    = {Hambleton, Ronald and Jones, Russell},
  title     = {An NCME instructional module on: Comparison of classical test theory and item response theory and their applications to test development},
  journal   = {Educational measurement: issues and practice},
  year      = {1993},
  volume    = {12},
  number    = {3},
  pages     = {38--47},
  groups    = {GrundlegendesArtikelIRT},
  publisher = {Wiley Online Library},
}

@Article{boone2016rasch,
  author  = {Boone, William},
  title   = {Rasch Analysis for Instrument Development: Why, When, and How?},
  journal = {CBE-Life Sciences Education},
  year    = {2016},
  volume  = {15},
  number  = {4},
  groups  = {GrundlegendesArtikelIRT},
}

@Article{gorter2015item,
  author    = {Gorter, Rosalie and Fox, Jean-Paul and Twisk, Jos WR},
  title     = {Why item response theory should be used for longitudinal questionnaire data analysis in medical research},
  journal   = {BMC medical research methodology},
  year      = {2015},
  volume    = {15},
  number    = {1},
  pages     = {1--12},
  groups    = {GrundlegendesArtikelIRT},
  publisher = {BioMed Central},
}

@Article{martinkova2017checking,
  author  = {Martinkov{\'a}, Patr{\'i}cia and Drabinov{\'a}, Ad{\'e}la and Liaw, Yuan-Ling and Sanders, Elizabeth and McFarland, Jenny L and Price, Rebecca},
  title   = {Checking equity: Why differential item functioning analysis should be a routine part of developing conceptual assessments},
  journal = {CBE-Life Sciences Education},
  year    = {2017},
  volume  = {16},
  number  = {2},
  pages   = {1--12},
  groups  = {testingIRT},
}

@Article{magis2010general,
  author    = {Magis, David and B{\'e}land, S{\'e}bastien and Tuerlinckx, Francis and De Boeck, Paul},
  title     = {A general framework and an R package for the detection of dichotomous differential item functioning},
  journal   = {Behavior research methods},
  year      = {2010},
  volume    = {42},
  number    = {3},
  pages     = {847--862},
  groups    = {testingIRT},
  publisher = {Springer},
}

@Article{harney2006schiefe,
  author    = {Harney, Klaus and Fuhrmann, Christoph and Harney, Hanns L},
  title     = {Der schiefe Turm von PISA: die logistischen Parameter des Rasch-Modells sollten revidiert werden},
  journal   = {ZA-Information/Zentralarchiv f{\"u}r Empirische Sozialforschung},
  year      = {2006},
  number    = {59},
  pages     = {10--49},
  groups    = {criticIRTrm},
  publisher = {Deutschland},
}

@Article{adams1997multilevel,
  author    = {Adams, Raymond and Wilson, Mark and Wu, Margaret},
  title     = {Multilevel item response models: An approach to errors in variables regression},
  journal   = {Journal of educational and behavioral Statistics},
  year      = {1997},
  volume    = {22},
  number    = {1},
  pages     = {47--76},
  groups    = {inRIRT},
  publisher = {Sage Publications Sage CA: Los Angeles, CA},
}

@InCollection{adams2007mixed,
  author    = {Adams, Raymond and Wu, Margaret},
  title     = {The mixed-coefficients multinomial logit model: A generalized form of the Rasch model},
  booktitle = {Multivariate and mixture distribution Rasch models},
  publisher = {Springer},
  year      = {2007},
  pages     = {57--75},
  groups    = {inRIRT},
}

@Article{rizopoulos2006ltm,
  author  = {Rizopoulos, Dimitris},
  title   = {ltm: An R package for latent variable modeling and item response theory analyses},
  journal = {Journal of statistical software},
  year    = {2006},
  volume  = {17},
  number  = {5},
  pages   = {1--25},
  groups  = {inRIRT},
}

@Article{chalmers2012mirt,
  author  = {Chalmers, R Philip and others},
  title   = {mirt: A multidimensional item response theory package for the R environment},
  journal = {Journal of Statistical Software},
  year    = {2012},
  volume  = {48},
  number  = {6},
  pages   = {1--29},
  groups  = {inRIRT},
}

@Article{mair2009eRm,
  author = {Mair, Patrick and Hatzinger, Reinhold and Maier, Marco},
  title  = {Extended Rasch Modeling: The R Package eRm},
  year   = {2009},
  groups = {inRIRT},
  url    = {\url{https://cran.r-project.org/web/packages/eRm/vignettes/eRm.pdf}},
}

@Article{rusch2013psychometrics,
  author    = {Rusch, Thomas and Mair, Patrick and Hatzinger, Reinhold},
  title     = {Psychometrics with R: A review of CRAN packages for item response theory},
  year      = {2013},
  groups    = {comparisonPackagesIRT},
  publisher = {WU Vienna University of Economics and Business},
}

@TechReport{pohl2012neps,
  author      = {Pohl, Steffi and Carstensen, Claus},
  title       = {NEPS technical report-Scaling the data of the competence tests},
  institution = {German National Educational Panel Study Working Paper},
  year        = {2012},
  groups      = {GrundlegendesArtikelIRT},
}

@Article{bennink2014measuring,
  author    = {Bennink, Margot and Croon, Marcel and Keuning, Jos and Vermunt, Jeroen},
  title     = {Measuring student ability, classifying schools, and detecting item bias at school level, based on student-level dichotomous items},
  journal   = {Journal of Educational and Behavioral Statistics},
  year      = {2014},
  volume    = {39},
  number    = {3},
  pages     = {180--202},
  groups    = {estimationIRT},
  publisher = {SAGE Publications},
}

@Article{bacci2012longitudinal,
  author    = {Bacci, Silvia},
  title     = {Longitudinal data: different approaches in the context of item-response theory models},
  journal   = {Journal of Applied Statistics},
  year      = {2012},
  volume    = {39},
  number    = {9},
  pages     = {2047--2065},
  groups    = {estimationIRT},
  publisher = {Taylor \& Francis},
}

@Article{ludtke2017einfuhrung,
  author    = {L{\"u}dtke, Oliver and Robitzsch, Alexander},
  title     = {Eine Einf{\"u}hrung in die Plausible-Values-Technik f{\"u}r die psychologische Forschung},
  journal   = {Diagnostica},
  year      = {2017},
  volume    = {63},
  number    = {3},
  pages     = {193--205},
  groups    = {plausibleValuesmG},
  publisher = {Hogrefe Verlag},
}

@Article{robitzsch2011bedeutung,
  author    = {Robitzsch, Alexander and D{\"o}rfler, Tobias and Pfost, Maximilian and Artelt, Cordula},
  title     = {Die Bedeutung der Itemauswahl und der Modellwahl f{\"u}r die l{\"a}ngsschnittliche Erfassung von Kompetenzen},
  journal   = {Zeitschrift f{\"u}r Entwicklungspsychologie und p{\"a}dagogische Psychologie},
  year      = {2011},
  groups    = {GrundlegendesArtikelIRT},
  publisher = {Hogrefe Verlag G{\"o}ttingen},
}

@Article{davier2009plausible,
  author  = {Davier, Matthias and Gonzalez, Eugenio and Mislevy, Robert},
  title   = {What are plausible values and why are they useful},
  journal = {IERI monograph series},
  year    = {2009},
  volume  = {2},
  pages   = {9--36},
  groups  = {plausibleValuesmG},
}

@Article{ludtke2007simultane,
  author    = {L{\"u}dtke, Oliver and Trautwein, Ulrich and Schnyder, Inge and Niggli, Alois},
  title     = {Simultane Analysen auf Sch{\"u}ler-und Klassenebene},
  journal   = {Zeitschrift f{\"u}r Entwicklungspsychologie und P{\"a}dagogische Psychologie},
  year      = {2007},
  volume    = {39},
  number    = {1},
  pages     = {1--11},
  groups    = {EmpirischeBildungsforschungBD},
  publisher = {Hogrefe Verlag G{\"o}ttingen},
}

@Article{ludtke2007umgang,
  author    = {L{\"u}dtke, Oliver and Robitzsch, Alexander and Trautwein, Ulrich and K{\"o}ller, Olaf},
  title     = {Umgang mit fehlenden Werten in der psychologischen Forschung},
  journal   = {Psychologische Rundschau},
  year      = {2007},
  volume    = {58},
  number    = {2},
  pages     = {103--117},
  groups    = {MissingDatamG},
  publisher = {Hogrefe Verlag G{\"o}ttingen},
}

@Article{robitzsch2016herausforderungen,
  author    = {Robitzsch, Alexander and L{\"u}dtke, Oliver and K{\"o}ller, Olaf and Kr{\"o}hne, Ulf and Goldhammer, Frank and Heine, J{\"o}rg-Henrik},
  title     = {Herausforderungen bei der Sch{\"a}tzung von Trends in Schulleistungsstudien},
  journal   = {Diagnostica},
  year      = {2016},
  groups    = {StudiePISA},
  publisher = {Hogrefe Verlag},
}

@Article{ludtke2006analyse,
  author    = {L{\"u}dtke, Oliver and Trautwein, Ulrich and Kunter, Mareike and Baumert, J{\"u}rgen},
  title     = {Analyse von Lernumwelten: Ans{\"a}tze zur Bestimmung der Reliabilit{\"a}t und {\"U}bereinstimmung von Sch{\"u}lerwahrnehmungen},
  journal   = {Zeitschrift f{\"u}r P{\"a}dagogische Psychologie},
  year      = {2006},
  volume    = {20},
  number    = {1/2},
  pages     = {85--96},
  groups    = {III_PROSPECTIVE},
  publisher = {Verlag Hans Huber, Hogrefe AG},
}

@Misc{rosseel2017multilevellavaan,
  author       = {Rosseel, Yves},
  title        = {Multilevel Structural Equation Modeling with lavaan},
  howpublished = {\url{http://users.ugent.be/~yrosseel/lavaan/zurich2017/MULTILEVEL/lavaan_multilevel_zurich2017.pdf}},
  month        = {11},
  year         = {2017},
  note         = {Accessed: 2018-07-12},
  groups       = {estimationInRSEM},
}

@Article{stanat2002pisa,
  author    = {Stanat, Petra and Artelt, Cordula and Baumert, J{\"u}rgen and Klieme, Eckhard and Neubrand, Michael and Prenzel, Manfred and Schiefele, Ulrich and Schneider, Wolfgang and Sch{\"u}mer, Gundel and Tillmann, Klaus-J{\"u}rgen},
  title     = {PISA 2000: Die Studie im {\"U}berblick: Grundlagen, Methoden und Ergebnisse},
  year      = {2002},
  groups    = {StudiePISA},
  publisher = {Max-Planck-Institut f{\"u}r Bildungsforschung},
}

@Misc{kmk2002handlungskatalog,
  author       = {Kultusministerkonferenz},
  title        = {PISA 2000 – Zentrale Handlungsfelder. Zusammenfassende Darstellungder laufenden und geplanten Maßnahmen in den L{\"a}ndern},
  howpublished = {\url{https://www.kmk.org/fileadmin/Dateien/veroeffentlichungen_beschluesse/2002/2002_10_07-Pisa-2000-Zentrale-Handlungsfelder.pdf}},
  year         = {2002},
  note         = {Beschluss der 299. Kultusministerkonferenz},
  groups       = {StudiePISA},
  publisher    = {Kultusministerkonferenz},
  urldate      = {2018-09-10},
}

@Article{hursh2005neo,
  author    = {Hursh, David},
  title     = {Neo-liberalism, markets and accountability: Transforming education and undermining democracy in the United States and England},
  journal   = {Policy Futures in Education},
  year      = {2005},
  volume    = {3},
  number    = {1},
  pages     = {3--15},
  groups    = {AccountabilityStandardsVAM},
  publisher = {SAGE Publications Sage UK: London, England},
}

@Article{kim2005measuring,
  author    = {Kim, James and Sunderman, Gail},
  title     = {Measuring academic proficiency under the No Child Left Behind Act: Implications for educational equity},
  journal   = {Educational researcher},
  year      = {2005},
  volume    = {34},
  number    = {8},
  pages     = {3--13},
  groups    = {AccountabilityStandardsVAM},
  publisher = {Sage Publications},
}

@Book{kreft1998introducingMM,
  title     = {Introducing multilevel modeling},
  publisher = {Sage},
  year      = {1998},
  author    = {Kreft, Ita and De Leeuw, Jan},
  groups    = {MixedModelsGLM},
}

@Article{paufler2014random,
  author    = {Paufler, Noelle and Amrein-Beardsley, Audrey},
  title     = {The random assignment of students into elementary classrooms: Implications for value-added analyses and interpretations},
  journal   = {American Educational Research Journal},
  year      = {2014},
  volume    = {51},
  number    = {2},
  pages     = {328--362},
  groups    = {criticVAM},
  publisher = {SAGE Publications},
}

@InCollection{faulbaum2014total,
  author    = {Faulbaum, Frank},
  title     = {Total survey error},
  booktitle = {Handbuch Methoden der empirischen Sozialforschung},
  publisher = {Springer},
  year      = {2014},
  pages     = {439--453},
  groups    = {TotalSurveyErrorTT},
}

@Misc{kmk2018ganztagsformzahlen,
  author       = {Kultusministerkonferenz},
  title        = {Allgemein bildende Schulen in Ganztagsform in den L{\"a}ndern in der Bundesrepublik Deutschland-Statistik 2012 bis 2016},
  howpublished = {\url{https://www.kmk.org/fileadmin/Dateien/pdf/Statistik/Dokumentationen/GTS_2016_Bericht.pdf}},
  year         = {2018},
  note         = {Accessed: 2018-09-10},
  groups       = {GanztagsschulenBD},
  publisher    = {Sekretariat der Kultusministerkonferenz},
}

@Misc{kmk2017ganztagsformzahlen,
  author       = {Kultusministerkonferenz},
  title        = {Allgemein bildende Schulen in Ganztagsform in den L{\"a}ndern in der Bundesrepublik Deutschland-Statistik 2011 bis 2015},
  howpublished = {\url{https://www.kmk.org/fileadmin/Dateien/pdf/Statistik/Dokumentationen/GTS_2015_Bericht.pdf}},
  year         = {2017},
  note         = {Accessed: 2018-09-10},
  groups       = {GanztagsschulenBD},
  publisher    = {Sekretariat der Kultusministerkonferenz},
}

@Misc{BMBF2009IZBBbroschuere,
  author       = {BMBF},
  title        = {Gut angelegt. Das Investitionsprogramm Zukunft Bildung und Betreuung},
  howpublished = {\url{https://www.ganztagsschulen.org/_media/121206_BMBF_IZBB_bf_df.pdf}},
  year         = {2009},
  note         = {Accessed: 2018-09-10},
  groups       = {I_BildungDeutschland},
  publisher    = {Bundesministerium für Bildung und Forschung},
}

@Book{xie2016dynamic,
  title     = {Dynamic Documents with R and knitr},
  publisher = {Chapman \& Hall Book},
  year      = {2016},
  author    = {Xie, Yihui},
  groups    = {II_RSoftware},
}

@Book{fischer1995RMbasics,
  title     = {Rasch Models Foundations, Recent Developments, and Applications},
  publisher = {Springer},
  year      = {1995},
  author    = {Fischer, Gerhard and Molenaar, Ivo},
  groups    = {BucherIRTallgIRT},
}

@Article{schulz1997grade,
  author    = {Schulz, Matthew and Nicewander, Alan},
  title     = {Grade equivalent and IRT representations of growth},
  journal   = {Journal of Educational Measurement},
  year      = {1997},
  volume    = {34},
  number    = {4},
  pages     = {315--331},
  groups    = {continuativeVAM},
  publisher = {Wiley Online Library},
}

@Article{pampaka2016handling,
  author    = {Pampaka, Maria and Hutcheson, Graeme and Williams, Julian},
  title     = {Handling missing data: analysis of a challenging data set using multiple imputation},
  journal   = {International Journal of Research \& Method in Education},
  year      = {2016},
  volume    = {39},
  number    = {1},
  pages     = {19--37},
  groups    = {MissingDatamG},
  publisher = {Taylor \& Francis},
}

@Article{rutkowski2010international,
  author    = {Rutkowski, Leslie and Gonzalez, Eugenio and Joncas, Marc and von Davier, Matthias},
  title     = {International large-scale assessment data: Issues in secondary analysis and reporting},
  journal   = {Educational Researcher},
  year      = {2010},
  volume    = {39},
  number    = {2},
  pages     = {142--151},
  groups    = {EmpirischeBildungsforschungBD},
  publisher = {Sage Publications Sage CA: Los Angeles, CA},
}

@Article{warm1989weighted,
  author    = {Warm, Thomas},
  title     = {Weighted likelihood estimation of ability in item response theory},
  journal   = {Psychometrika},
  year      = {1989},
  volume    = {54},
  number    = {3},
  pages     = {427--450},
  groups    = {estimationIRT},
  publisher = {Springer},
}

@Article{adams2005reliability,
  author    = {Adams, Raymond},
  title     = {Reliability as a measurement design effect},
  journal   = {Studies in Educational Evaluation},
  year      = {2005},
  volume    = {31},
  number    = {2-3},
  pages     = {162--172},
  groups    = {estimationIRT},
  publisher = {Elsevier},
}

@Article{bollen2016survey,
  author    = {Bollen, Kenneth and Biemer, Paul and Karr, Alan and Tueller, Stephen and Berzofsky, Marcus},
  title     = {Are survey weights needed? A review of diagnostic tests in regression analysis},
  journal   = {Annual Review of Statistics and Its Application},
  year      = {2016},
  volume    = {3},
  pages     = {375--392},
  groups    = {SurveyWeightsmG},
  publisher = {Annual Reviews},
}

@Article{west2011accountability,
  author    = {West, Anne and Mattei, Paola and Roberts, Jonathan},
  title     = {Accountability and sanctions in English schools},
  journal   = {British Journal of Educational Studies},
  year      = {2011},
  volume    = {59},
  number    = {1},
  pages     = {41--62},
  groups    = {AccountabilityStandardsVAM},
  publisher = {Taylor \& Francis},
}

@Article{birnbaum1968some,
  author    = {Birnbaum, A},
  title     = {Some latent trait models and their use in inferring an examinee's ability},
  journal   = {Statistical theories of mental test scores},
  year      = {1968},
  groups    = {estimationIRT},
  publisher = {Addison-Wesley},
}

@Article{rasch1960studies,
  author    = {Rasch, Georg},
  title     = {Studies in mathematical psychology: Probabilistic models for some intelligence and attainment tests.},
  year      = {1960},
  groups    = {estimationIRT},
  publisher = {Nielsen \& Lydiche},
}

@Misc{hatzinger2010lectureRM,
  author       = {Hatzinger, Reinhold},
  title        = {Lecture notes Seminar: Rasch Models},
  howpublished = {\url{http://statmath.wu.ac.at/~hatz/psychometrics/}},
  year         = {2010},
  groups       = {VorlesungenIRT},
  publisher    = {Institute for Statistics and Mathematics},
  urldate      = {2018-09-15},
}

@Book{kolen2014test,
  title     = {Test equating, scaling, and linking},
  publisher = {Springer},
  year      = {2014},
  author    = {Kolen, Michael and Brennan, Robert},
  groups    = {TestEquatingIRT},
}

@Article{battauz2015equateirt,
  author    = {Battauz, Michela},
  title     = {equateIRT: An R package for IRT test equating},
  journal   = {Journal of Statistical Software},
  year      = {2015},
  volume    = {68},
  number    = {7},
  pages     = {1--22},
  groups    = {TestEquatingIRT},
  publisher = {Foundation for Open Access Statistics},
}

@Book{gonzalez2017applying,
  title     = {Applying Test Equating Methods Using R},
  publisher = {Springer},
  year      = {2017},
  author    = {Gonz{\'a}lez, Jorge and Wiberg, Marie},
  groups    = {TestEquatingIRT},
}

@Article{thissen1982marginal,
  author    = {Thissen, David},
  title     = {Marginal maximum likelihood estimation for the one-parameter logistic model},
  journal   = {Psychometrika},
  year      = {1982},
  volume    = {47},
  number    = {2},
  pages     = {175--186},
  groups    = {estimationIRT},
  publisher = {Springer},
}

@InCollection{koller2017soziale,
  author    = {K{\"o}ller, Olaf and Maaz, Kai},
  title     = {Soziale Disparit{\"a}ten bei Abiturleistungen},
  booktitle = {Bildungsgerechtigkeit},
  publisher = {Springer},
  year      = {2017},
  pages     = {153--166},
  groups    = {AllgemeinBD},
}

@Article{mackenzie2014predictors,
  author    = {Mackenzie, Noella and Hemmings, Brian and others},
  title     = {Predictors of success with writing in the first year of school},
  journal   = {Issues in Educational Research},
  year      = {2014},
  volume    = {24},
  number    = {1},
  pages     = {41--54},
  groups    = {VariablenStEGBD},
  publisher = {Institutes for Educational Research in NSW, SA and WA},
}

@Article{maguire2018vocabulary,
  author    = {Maguire, Mandy and Schneider, Julie and Middleton, Anna and Ralph, Yvonne and Lopez, Michael and Ackerman, Robert and Abel, Alyson},
  title     = {Vocabulary knowledge mediates the link between socioeconomic status and word learning in grade school},
  journal   = {Journal of experimental child psychology},
  year      = {2018},
  volume    = {166},
  pages     = {679--695},
  groups    = {VariablenStEGBD},
  publisher = {Elsevier},
}

@Article{hoff2006social,
  author    = {Hoff, Erika},
  title     = {How social contexts support and shape language development},
  journal   = {Developmental review},
  year      = {2006},
  volume    = {26},
  number    = {1},
  pages     = {55--88},
  groups    = {VariablenStEGBD},
  publisher = {Elsevier},
}

@InCollection{stubbe2016TAMlecture,
  author    = {Stubbe, Tobias},
  title     = {Vorlesungsfolien in Methodenworkshop: Item Response Theory Das R-Package TAM},
  publisher = {Georg-August-Universität Göttingen – Institut für Erziehungswissenschaft},
  year      = {2016},
  month     = {November},
  groups    = {missingdatainIRTmG},
}

@InCollection{engle1984wald_LRT_LM,
  author    = {Engle, Robert},
  title     = {Wald, likelihood ratio, and Lagrange multiplier tests in econometrics},
  booktitle = {Handbook of econometrics},
  publisher = {Elsevier},
  year      = {1984},
  pages     = {775--826},
  groups    = {HypothesisTestsmG},
}

@Article{buse1982likelihood,
  author    = {Buse, Adolf},
  title     = {The likelihood ratio, Wald, and Lagrange multiplier tests: An expository note},
  journal   = {The American Statistician},
  year      = {1982},
  volume    = {36},
  number    = {3a},
  pages     = {153--157},
  groups    = {HypothesisTestsmG},
  publisher = {Taylor \& Francis},
}

@Article{maydeu2006limited,
  author    = {Maydeu-Olivares, Albert and Joe, Harry},
  title     = {Limited information goodness-of-fit testing in multidimensional contingency tables},
  journal   = {Psychometrika},
  year      = {2006},
  volume    = {71},
  number    = {4},
  pages     = {713--732},
  groups    = {HypothesisTestsmG},
  publisher = {Springer},
}

@Book{wright1982rating,
  title     = {Rating scale analysis},
  publisher = {Mesa Press},
  year      = {1982},
  author    = {Wright, Benjamin and Masters, Geofferey},
  groups    = {BucherIRTallgIRT},
}

@Article{mantel1959statistical,
  author    = {Mantel, Nathan and Haenszel, William},
  title     = {Statistical aspects of the analysis of data from retrospective studies of disease},
  journal   = {Journal of the national cancer institute},
  year      = {1959},
  volume    = {22},
  number    = {4},
  pages     = {719--748},
  groups    = {testingIRT},
  publisher = {Oxford University Press},
}

@Article{holland1988differential,
  author  = {Holland, Paul and Thayer, Dorothy},
  title   = {Differential item performance and the Mantel-Haenszel procedure},
  journal = {Test validity},
  year    = {1988},
  pages   = {129--145},
  groups  = {testingIRT},
}

@Article{stocking1983developing,
  author    = {Stocking, Martha and Lord, Frederic},
  title     = {Developing a common metric in item response theory},
  journal   = {Applied psychological measurement},
  year      = {1983},
  volume    = {7},
  number    = {2},
  pages     = {201--210},
  groups    = {TestEquatingIRT},
  publisher = {Sage Publications Sage CA: Thousand Oaks, CA},
}

@PhdThesis{klingler2015structural,
  author  = {Klingler, Katharina},
  title   = {Structural Equation Modelling with Latent Variables - Evidence from a Monte Carlo Study},
  school  = {Heinrich-Heine-Universit{\"a}t},
  type    = {Dissertation},
  date    = {2015},
  groups  = {BucherSEMallgSEM},
  url     = {https://docserv.uni-duesseldorf.de/servlets/DocumentServlet?id=34646},
  urldate = {2018-10-01},
}

@Article{ferron2007estimation,
  author  = {Ferron, John and Hess, Melinda},
  title   = {Estimation in SEM: A concrete example},
  journal = {Sage Publications},
  year    = {2007},
  groups  = {estimationSEM},
}

@Article{heck2000examining,
  author    = {Heck, Ronald},
  title     = {Examining the impact of school quality on school outcomes and improvement: A value-added approach},
  journal   = {Educational administration quarterly},
  year      = {2000},
  volume    = {36},
  number    = {4},
  pages     = {513--552},
  groups    = {AnwendungLGC_SEM},
  publisher = {Sage Publications Sage CA: Thousand Oaks, CA},
}

@Book{johnson2014applied,
  title     = {Applied Multivariate Statistical Analysis: Pearson New International Edition},
  publisher = {Pearson},
  year      = {2014},
  author    = {Johnson, Richard and Wichern, Dean},
  volume    = {6},
  groups    = {FactorAnalysisSV},
}

@Article{stapleton2016construct,
  author    = {Stapleton, Laura and Yang, Ji Seung and Hancock, Gregory},
  title     = {Construct meaning in multilevel settings},
  journal   = {Journal of Educational and Behavioral Statistics},
  year      = {2016},
  volume    = {41},
  number    = {5},
  pages     = {481--520},
  groups    = {TheorieMMGLM},
  publisher = {Sage Publications Sage CA: Los Angeles, CA},
}

@Article{shrout1979intraclass,
  author    = {Shrout, Patrick and Fleiss, Joseph},
  title     = {Intraclass correlations: uses in assessing rater reliability.},
  journal   = {Psychological bulletin},
  year      = {1979},
  volume    = {86},
  number    = {2},
  pages     = {420--428},
  groups    = {TheorieMMGLM},
  publisher = {American Psychological Association},
}

@Article{bauer2003estimating,
  author    = {Bauer, Daniel},
  title     = {Estimating multilevel linear models as structural equation models},
  journal   = {Journal of Educational and Behavioral Statistics},
  year      = {2003},
  volume    = {28},
  number    = {2},
  pages     = {135--167},
  groups    = {MM_LGC_GLM},
  publisher = {Sage Publications Sage CA: Los Angeles, CA},
}

@Article{curran2003have,
  author    = {Curran, Patrick},
  title     = {Have multilevel models been structural equation models all along?},
  journal   = {Multivariate Behavioral Research},
  year      = {2003},
  volume    = {38},
  number    = {4},
  pages     = {529--569},
  groups    = {MM_LGC_GLM},
  publisher = {Taylor \& Francis},
}

@Misc{partchev2004lectureVisualRM,
  author       = {Partchev, Ivailo},
  title        = {Lecture notes A visual guide to item response theory},
  howpublished = {\url{www2.uni-jena.de/svw/metheval/irt/VisualIRT.pdf}},
  year         = {2004},
  groups       = {VorlesungenIRT},
  publisher    = {Friedrich-Schiller-Universit{\"a}t Jena},
  urldate      = {2018-10-09},
}

@Article{hallquist2018mplusautomation,
  author    = {Hallquist, Michael and Wiley, Joshua},
  title     = {MplusAutomation: An R Package for Facilitating Large-Scale Latent Variable Analyses in M plus},
  journal   = {Structural Equation Modeling: A Multidisciplinary Journal},
  year      = {2018},
  volume    = {25},
  number    = {4},
  pages     = {621--638},
  groups    = {II_MplusSoftware},
  publisher = {Taylor \& Francis},
}

@Book{embretson2000item,
  title     = {Item Response Theory for Psychologists},
  publisher = {Lawrence Erlbaum Associates},
  year      = {2000},
  author    = {Embretson, Susan and Reise, Steven},
  groups    = {BucherIRTallgIRT},
}

@Book{lintorf2012vorhersagbar,
  title     = {Wie vorhersagbar sind Grundschulnoten? Pr{\"a}diktionskraft individueller und kontextspezifischer Merkmale},
  publisher = {Springer-Verlag},
  year      = {2012},
  author    = {Lintorf, Katrin},
  groups    = {SchulnotenBI},
}

@Article{geldhof2014reliability,
  author    = {Geldhof, John and Preacher, Kristopher and Zyphur, Michael},
  title     = {Reliability estimation in a multilevel confirmatory factor analysis framework.},
  journal   = {Psychological methods},
  year      = {2014},
  volume    = {19},
  number    = {1},
  pages     = {72--91},
  groups    = {TheorieMMGLM},
  publisher = {American Psychological Association},
}

@Article{goldstein2002partitioning,
  author    = {Goldstein, Harvey and Browne, William and Rasbash, Jon},
  title     = {Partitioning variation in multilevel models},
  journal   = {Understanding statistics: statistical issues in psychology, education, and the social sciences},
  year      = {2002},
  volume    = {1},
  number    = {4},
  pages     = {223--231},
  groups    = {TheorieMMGLM},
  publisher = {Taylor \& Francis},
}

@Book{geiser2010datenanalyse,
  title     = {Datenanalyse mit Mplus. Eine anwendungsorientierte Einführung},
  publisher = {Springer},
  year      = {2010},
  author    = {Geiser, Christian},
  groups    = {II_MplusSoftware},
}

@InCollection{gay1984trust,
  author    = {Gay, David},
  title     = {A trust-region approach to linearly constrained optimization},
  booktitle = {Numerical Analysis},
  publisher = {Springer},
  year      = {1984},
  pages     = {72--105},
  groups    = {estimationSEM},
}

@Article{freedman2006so,
  author    = {Freedman, David},
  title     = {On the so-called ``Huber sandwich estimator'' and ``robust standard errors''},
  journal   = {The American Statistician},
  year      = {2006},
  volume    = {60},
  number    = {4},
  pages     = {299--302},
  groups    = {estimationSEM},
  publisher = {Taylor \& Francis},
}

@Article{nash2014best,
  author  = {Nash, John},
  title   = {On best practice optimization methods in R},
  journal = {Journal of Statistical Software},
  year    = {2014},
  volume  = {60},
  number  = {2},
  pages   = {1--14},
  groups  = {statisticalFundamentalsmG},
}

@TechReport{muthen2004Mplustechnical,
  author      = {Muth{\'e}n, Bengt},
  title       = {Mplus Technical Appendices},
  institution = {Los Angeles, CA: Muth{\'e}n \& Muth{\'e}n},
  year        = {2004},
  groups      = {II_MplusSoftware},
}

@Article{leite2007comparison,
  author    = {Leite, Walter},
  title     = {A comparison of latent growth models for constructs measured by multiple items},
  journal   = {Structural Equation Modeling},
  year      = {2007},
  volume    = {14},
  number    = {4},
  pages     = {581--610},
  groups    = {estimationLGCSEM},
  publisher = {Taylor \& Francis},
}

@Article{yuan2003eight,
  author    = {Yuan, Ke-Hai and Bentler, Peter},
  title     = {Eight test statistics for multilevel structural equation models},
  journal   = {Computational statistics \& data analysis},
  year      = {2003},
  volume    = {44},
  pages     = {89--107},
  groups    = {estimationSEM},
  publisher = {Elsevier},
}

@Article{hsu2015detecting,
  author    = {Hsu, Hsien-Yuan and Kwok, Oi-man and Lin, Jr Huang and Acosta, Sandra},
  title     = {Detecting misspecified multilevel structural equation models with common fit indices: A Monte Carlo study},
  journal   = {Multivariate Behavioral Research},
  year      = {2015},
  volume    = {50},
  number    = {2},
  pages     = {197--215},
  groups    = {estimationSEM},
  publisher = {Taylor \& Francis},
}

@Article{sanders1994tennessee,
  author    = {Sanders, William and Horn, Sandra},
  title     = {The Tennessee value-added assessment system (TVAAS): Mixed-model methodology in educational assessment},
  journal   = {Journal of Personnel Evaluation in education},
  year      = {1994},
  volume    = {8},
  number    = {3},
  pages     = {299--311},
  groups    = {estimationVAM},
  publisher = {Springer},
}

@Article{lockwood2007bayesian,
  author    = {Lockwood, J and McCaffrey, Daniel and Mariano, Louis and Setodji, Claude},
  title     = {Bayesian methods for scalable multivariate value-added assessment},
  journal   = {Journal of Educational and Behavioral Statistics},
  year      = {2007},
  volume    = {32},
  number    = {2},
  pages     = {125--150},
  groups    = {estimationVAM},
  publisher = {Sage Publications Sage CA: Thousand Oaks, CA},
}

@Article{bingham1991evaluating,
  author    = {Bingham, Richard and Heywood, John and White, Sammis},
  title     = {Evaluating schools and teachers based on student performance: Testing an alternative methodology},
  journal   = {Evaluation Review},
  year      = {1991},
  volume    = {15},
  number    = {2},
  pages     = {191--218},
  groups    = {estimationVAM},
  publisher = {Sage Publications Sage CA: Thousand Oaks, CA},
}

@Article{pollet2015taking,
  author    = {Pollet, Thomas and Stulp, Gert and Henzi, Peter and Barrett, Louise},
  title     = {Taking the aggravation out of data aggregation: A conceptual guide to dealing with statistical issues related to the pooling of individual-level observational data},
  journal   = {American journal of primatology},
  year      = {2015},
  volume    = {77},
  number    = {7},
  pages     = {727--740},
  groups    = {DataAggregationBI},
  publisher = {Wiley Online Library},
}

@Article{blyth1972simpson,
  author    = {Blyth, Colin},
  title     = {On Simpson's paradox and the sure-thing principle},
  journal   = {Journal of the American Statistical Association},
  year      = {1972},
  volume    = {67},
  number    = {338},
  pages     = {364--366},
  groups    = {DataAggregationBI},
  publisher = {Taylor \& Francis},
}

@Article{simpson1951interpretation,
  author    = {Simpson, Edward},
  title     = {The interpretation of interaction in contingency tables},
  journal   = {Journal of the Royal Statistical Society. Series B (Methodological)},
  year      = {1951},
  pages     = {238--241},
  groups    = {DataAggregationBI},
  publisher = {JSTOR},
}

@Article{nandakumar1991traditional,
  author    = {Nandakumar, Ratna},
  title     = {Traditional dimensionality versus essential dimensionality},
  journal   = {Journal of Educational Measurement},
  year      = {1991},
  volume    = {28},
  number    = {2},
  pages     = {99--117},
  groups    = {testingIRT},
  publisher = {Wiley Online Library},
}

@Article{stout1996conditional,
  author    = {Stout, William and Habing, Brian and Douglas, Jeff and Kim, Hae Rim and Roussos, Louis and Zhang, Jinming},
  title     = {Conditional covariance-based nonparametric multidimensionality assessment},
  journal   = {Applied Psychological Measurement},
  year      = {1996},
  volume    = {20},
  number    = {4},
  pages     = {331--354},
  groups    = {testingIRT},
  publisher = {Sage Publications Sage CA: Thousand Oaks, CA},
}

@Article{zhang1999theoretical,
  author    = {Zhang, Jinming and Stout, William},
  title     = {The theoretical DETECT index of dimensionality and its application to approximate simple structure},
  journal   = {Psychometrika},
  year      = {1999},
  volume    = {64},
  number    = {2},
  pages     = {213--249},
  groups    = {testingIRT},
  publisher = {Springer},
}

@Article{zhang2007conditional,
  author    = {Zhang, Jinming},
  title     = {Conditional covariance theory and DETECT for polytomous items},
  journal   = {Psychometrika},
  year      = {2007},
  volume    = {72},
  number    = {1},
  pages     = {69--91},
  groups    = {testingIRT},
  publisher = {Springer},
}

@Article{harville1977maximum,
  author    = {Harville, David},
  title     = {Maximum likelihood approaches to variance component estimation and to related problems},
  journal   = {Journal of the American Statistical Association},
  year      = {1977},
  volume    = {72},
  number    = {358},
  pages     = {320--338},
  groups    = {GrundlegendesArtikelMMGLM},
  publisher = {Taylor \& Francis Group},
}

@Book{fox2015ecological,
  title     = {Ecological statistics: contemporary theory and application},
  publisher = {Oxford University Press, USA},
  year      = {2015},
  author    = {Fox, Gordon and Negrete-Yankelevich, Simoneta and Sosa, Vinicio},
  groups    = {statisticalFundamentalsmG},
}

@Article{robinson1991blup,
  author    = {Robinson, George},
  title     = {That BLUP Is a Good Thing: The Estimation of Random Effects},
  journal   = {Statistical science},
  year      = {1991},
  volume    = {6},
  number    = {1},
  pages     = {15--32},
  groups    = {GrundlegendesArtikelMMGLM},
  publisher = {Institute of Mathematical Statistics},
}

@Book{galwey2014introduction,
  title     = {Introduction to Mixed Modelling Beyond Regression and Analysis of Variance},
  publisher = {John Wiley \& Sons},
  year      = {2014},
  author    = {Galwey, Nicholas},
  groups    = {GrundlegendesArtikelMMGLM},
}

@Article{jones1994contextual,
  author    = {Jones, Kelvyn and Bullen, Nina},
  title     = {Contextual models of urban house prices: a comparison of fixed-and random-coefficient models developed by expansion},
  journal   = {Economic Geography},
  year      = {1994},
  volume    = {70},
  number    = {3},
  pages     = {252--272},
  groups    = {GrundlegendesArtikelMMGLM},
  publisher = {Taylor \& Francis},
}

@Book{raudenbush2002hierarchical,
  title     = {Hierarchical linear models: Applications and data analysis methods},
  publisher = {Sage},
  year      = {2002},
  author    = {Raudenbush, Stephen and Bryk, Anthony},
  groups    = {MixedModelsGLM},
}

@Article{borghans2016grades,
  author    = {Borghans, Lex and Golsteyn, Bart and Heckman, James and Humphries, John},
  title     = {What grades and achievement tests measure},
  journal   = {Proceedings of the National Academy of Sciences},
  year      = {2016},
  volume    = {113},
  number    = {47},
  pages     = {13354--13359},
  groups    = {SchulnotenBI},
  publisher = {National Acad Sciences},
}

@Article{zurcher1998issues,
  author    = {Zurcher, Raymond},
  title     = {Issues and trends in culture-fair assessment},
  journal   = {Intervention in School and Clinic},
  year      = {1998},
  volume    = {34},
  number    = {2},
  pages     = {103--106},
  groups    = {VariablenStEGBD},
  publisher = {SAGE Publications Sage CA: Los Angeles, CA},
}

@Book{de2004explanatoryIRT,
  title     = {Explanatory item response models},
  publisher = {Springer},
  year      = {2004},
  author    = {De Boeck, Paul and Wilson, Mark},
  groups    = {BucherIRTallgIRT},
}

@Article{lee1990simple,
  author    = {Lee, Soonmook and Hershberger, Scott},
  title     = {A simple rule for generating equivalent models in covariance structure modeling},
  journal   = {Multivariate Behavioral Research},
  year      = {1990},
  volume    = {25},
  number    = {3},
  pages     = {313--334},
  groups    = {equivalentModelsSEM},
  publisher = {Taylor \& Francis},
}

@Book{descartes2008meditations,
  title     = {Meditations on first philosophy: With selections from the objections and replies},
  publisher = {Oxford University Press},
  year      = {2008},
  author    = {Descartes, Ren{\'e}},
  groups    = {Philosophy_classic},
}

@Book{popper2005logic,
  title     = {The Logic of Scientific Discovery},
  publisher = {Routledge},
  year      = {2005},
  author    = {Popper, Karl},
  groups    = {Philosophy_classic},
}

@TechReport{chzhen2018unfair,
  author      = {Chzhen, Yekaterina and Gromada, Anna and Rees, Gwyther and Jose, Cuesta and Zlata, Bruckauf},
  title       = {An Unfair Start: Inequality in Children's Education in Rich Countries},
  institution = {UNICEF Office of Research – Innocenti},
  year        = {2018},
  groups      = {I_BildungInternational},
}

@Book{educationGlance2018,
  title     = {Education at a Glance 2018},
  publisher = {OECD Publishing},
  year      = {2018},
  author    = {OECD},
  doi       = {https://doi.org/https://doi.org/10.1787/eag-2018-en},
  groups    = {I_BildungInternational},
  pages     = {460},
  url       = {https://www.oecd-ilibrary.org/content/publication/eag-2018-en},
}

@Article{skrondal2007latent,
  author    = {Skrondal, Anders and Rabe-Hesketh, Sophia},
  title     = {Latent variable modelling: a survey},
  journal   = {Scandinavian Journal of Statistics},
  year      = {2007},
  volume    = {34},
  number    = {4},
  pages     = {712--745},
  groups    = {frameworkLatentVariableModelmG},
  publisher = {Wiley Online Library},
}

@Booklet{paedagogik2018heft11,
  title   = {P{\"a}dagogik Schulen in schwieriger Lage},
  author  = {Trautmann, Matthias and others},
  year    = {2018},
  groups  = {BildungsberichteBD},
  journal = {Zeitschrift f{\"u}r P{\"a}dagogik},
  number  = {11},
}

@Article{jak2017relating,
  author    = {Jak, Suzanne and Jorgensen, Terrence},
  title     = {Relating measurement invariance, cross-level invariance, and multilevel reliability},
  journal   = {Frontiers in psychology},
  year      = {2017},
  volume    = {8},
  pages     = {1--9},
  groups    = {TheorieMMGLM},
  publisher = {Frontiers},
}

@Article{bottcher2016evaluation,
  author    = {B{\"o}ttcher, Wolfgang and Hense, Jan},
  title     = {Evaluation im Bildungswesen-eine nicht ganz erfolgreiche Erfolgsgeschichte},
  journal   = {Die Deutsche Schule},
  year      = {2016},
  volume    = {108},
  number    = {2},
  pages     = {117--135},
  groups    = {Evaluation_ESe},
  publisher = {Waxmann Verlag},
}

@Misc{degeval2016standards,
  author       = {Deutsche Gesellschaft f{\"u}r Evaluation},
  title        = {Standards f{\"u}r Evaluation},
  howpublished = {\url{https://www.degeval.org/degeval-standards/download/}},
  year         = {2016},
  groups       = {Evaluation_ESe},
  publisher    = {DeGEval – Gesellschaft f{\"u}r Evaluation e.V.},
}

@Article{slavin2008perspectives,
  author    = {Slavin, Robert},
  title     = {Perspectives on evidence-based research in education. What works? Issues in synthesizing educational program evaluations},
  journal   = {Educational researcher},
  year      = {2008},
  volume    = {37},
  number    = {1},
  pages     = {5--14},
  groups    = {Evaluation_ESe},
  publisher = {Sage Publications Sage CA: Los Angeles, CA},
}

@Book{patton2011essentials,
  title     = {Essentials of utilization-focused evaluation},
  publisher = {Sage},
  year      = {2012},
  author    = {Patton, Michael},
  groups    = {Evaluation_ESe},
}

@Article{frank2017control,
  author    = {Frank, Steven},
  title     = {Control theory tutorial: basic concepts illustrated by software examples},
  year      = {2017},
  groups    = {Evaluation_ESe},
  publisher = {Springer},
}

@Article{pohl2013scaling,
  author  = {Pohl, Steffi and Carstensen, Claus},
  title   = {Scaling of competence tests in the National Educational Panel Study--Many questions, some answers, and further challenges},
  journal = {Journal for Educational Research Online},
  year    = {2013},
  volume  = {5},
  number  = {2},
  pages   = {189--216},
  groups  = {TestEquatingIRT},
}

@Book{mair2018psychometrics,
  title     = {Modern Psychometrics with R},
  publisher = {Springer},
  year      = {2018},
  author    = {Mair, Patrick},
  groups    = {statisticalFundamentalsmG},
}

@Article{von2011measuring,
  author    = {Davier, Matthias and Xu, Xueli and Carstensen, Claus},
  title     = {Measuring growth in a longitudinal large-scale assessment with a general latent variable model},
  journal   = {Psychometrika},
  year      = {2011},
  volume    = {76},
  number    = {2},
  pages     = {318--336},
  groups    = {TestEquatingIRT},
  publisher = {Springer},
}

@Article{von2007unified,
  author    = {Davier, Matthias and von Davier, Alina},
  title     = {A unified approach to IRT scale linking and scale transformations},
  journal   = {Methodology},
  year      = {2007},
  volume    = {3},
  number    = {3},
  pages     = {115--124},
  groups    = {TestEquatingIRT},
  publisher = {Hogrefe \& Huber Publishers},
}

@Article{heuvel2009large,
  author    = {Heuvel-Panhuizen, Marja and Robitzsch, Alexander and Treffers, Adri and K{\"o}ller, Olaf},
  title     = {Large-scale assessment of change in student achievement: Dutch primary school students’ results on written division in 1997 and 2004 as an example},
  journal   = {Psychometrika},
  year      = {2009},
  volume    = {74},
  number    = {2},
  pages     = {351--365},
  groups    = {TestEquatingIRT},
  publisher = {Springer},
}

@Article{baghaei2015linear,
  author    = {Baghaei, Purya and Kubinger, Klaus},
  title     = {Linear Logistic Test Modeling with R.},
  journal   = {Practical assessment, research \& evaluation},
  year      = {2015},
  volume    = {20},
  groups    = {inRIRT},
  publisher = {Citeseer},
}

@Article{glas2008modeling,
  author    = {Glas, Cees and Pimentel, Jonald},
  title     = {Modeling nonignorable missing data in speeded tests},
  journal   = {Educational and Psychological Measurement},
  year      = {2008},
  volume    = {68},
  number    = {6},
  pages     = {907--922},
  groups    = {missingdatainIRTmG},
  publisher = {Sage Publications Sage CA: Los Angeles, CA},
}

@Article{holman2005modelling,
  author    = {Holman, Rebecca and Glas, Cees},
  title     = {Modelling non-ignorable missing-data mechanisms with item response theory models},
  journal   = {British Journal of Mathematical and Statistical Psychology},
  year      = {2005},
  volume    = {58},
  number    = {1},
  pages     = {1--17},
  groups    = {missingdatainIRTmG},
  publisher = {Wiley Online Library},
}

@InCollection{kunter2011modell,
  author    = {Kunter, Mareike and Voss, Thamar},
  title     = {Das Modell der Unterrichtsqualit{\"a}t in COACTIV: Eine multikriteriale Analyse},
  booktitle = {Professionelle Kompetenz von Lehrkr{\"a}ften: Ergebnisse des Forschungsprogramms COACTIV},
  publisher = {Waxmann Verlag},
  year      = {2011},
  pages     = {85--113},
  groups    = {I_guterUnterricht_Lehrerbelastung},
}

@Article{rusch2009irt,
  author  = {Rusch, Thomas and Hatzinger, Reinhold},
  title   = {IRT models with relaxed assumptions in eRm: a manual-like instruction},
  journal = {Psychology Science Quarterly},
  year    = {2009},
  volume  = {51},
  number  = {1},
  pages   = {87--120},
  groups  = {TestEquatingIRT},
}

@TechReport{timss2016martin,
  author      = {Martin, Michael and Mullis, Ina and Hopper, Martin},
  title       = {Methods and procedures in TIMSS 2015},
  institution = {International Association for the Evaluation of Educational Achievement},
  year        = {2016},
  groups      = {StudieTIMSS},
}

@Book{strobl2015rasch,
  title     = {Das Rasch-Modell: Eine verst{\"a}ndliche Einf{\"u}hrung f{\"u}r Studium und Praxis},
  publisher = {Rainer Hampp Verlag},
  year      = {2015},
  author    = {Strobl, Carolin},
  groups    = {BucherIRTallgIRT},
}

@Book{cody1996sas,
  title     = {The SAS Workbook},
  publisher = {SAS Institute},
  year      = {1996},
  author    = {Cody, Ron},
  groups    = {II_SASSoftware},
}

@Book{kleinman2012sas,
  title     = {SAS and R: Data management, statistical analysis, and graphics},
  publisher = {Chapman and Hall},
  year      = {2012},
  author    = {Kleinman, Ken and Horton, Nicholas},
  groups    = {II_SASSoftware},
}

@Book{shoukri2018analysis,
  title     = {Analysis of Correlated Data with SAS and R},
  publisher = {Chapman and Hall},
  year      = {2018},
  author    = {Shoukri, Mohamed},
  groups    = {II_SASSoftware},
}

@Misc{mcdaniel2010sas,
  author    = {McDaniel, Stephen and Hemedinger, Chris},
  title     = {SAS for dummies},
  year      = {2010},
  groups    = {II_SASSoftware},
  publisher = {Wiley Publishing, Inc.},
}

@Book{elliott2015sas,
  title     = {SAS Essentials: Mastering SAS for Data Analytics},
  publisher = {John Wiley \& Sons},
  year      = {2015},
  author    = {Elliott, Alan and Woodward, Wayne},
  groups    = {II_SASSoftware},
}

@Article{ludtke2008multilevel,
  author    = {L{\"u}dtke, Oliver and Marsh, Herbert and Robitzsch, Alexander and Trautwein, Ulrich and Asparouhov, Tihomir and Muth{\'e}n, Bengt},
  title     = {The multilevel latent covariate model: a new, more reliable approach to group-level effects in contextual studies.},
  journal   = {Psychological methods},
  year      = {2008},
  volume    = {13},
  number    = {3},
  pages     = {203--229},
  groups    = {TheorieMMGLM},
  publisher = {American Psychological Association},
}

@Article{kim2014measurement,
  author    = {Kim, Eun and Willson, Victor},
  title     = {Measurement invariance across groups in latent growth modeling},
  journal   = {Structural Equation Modeling: A Multidisciplinary Journal},
  year      = {2014},
  volume    = {21},
  number    = {3},
  pages     = {408--424},
  groups    = {TheorieMMGLM},
  publisher = {Taylor \& Francis},
}

@Book{wild2009padagogische,
  title     = {P{\"a}dagogische Psychologie},
  publisher = {Springer},
  year      = {2009},
  author    = {Wild, Elke and M{\"o}ller, Jens},
  groups    = {PaedagogischePsychologieP},
}

@Book{byrne2013structural,
  title     = {Structural equation modeling with Mplus: Basic concepts, applications, and programming},
  publisher = {Routledge},
  year      = {2013},
  author    = {Byrne, Barbara},
  groups    = {II_MplusSoftware},
}

@Book{fahrmeir2016statistik,
  title     = {Statistik: Der Weg zur Datenanalyse},
  publisher = {Springer-Verlag},
  year      = {2016},
  author    = {Fahrmeir, Ludwig and Heumann, Christian and K{\"u}nstler, Rita and Pigeot, Iris and Tutz, Gerhard},
  groups    = {statisticalFundamentalsmG},
}

@Book{brohm2016positive,
  title     = {Positive Psychologie in Bildungseinrichtungen: Konzepte und Strategien f{\"u}r Fach-und F{\"u}hrungskr{\"a}fte},
  publisher = {Springer-Verlag},
  year      = {2016},
  author    = {Brohm, Michaela},
  groups    = {PaedagogischePsychologieP},
}

@Book{demski2017evidenzbasierte,
  title     = {Evidenzbasierte Schulentwicklung: Empirische Analyse eines Steuerungsparadigmas},
  publisher = {Springer-Verlag},
  year      = {2017},
  author    = {Demski, Denise},
  volume    = {2},
  groups    = {Schulentwicklung_ESe},
}

@Article{debeer2017modeling,
  author    = {Debeer, Dries and Janssen, Rianne and De Boeck, Paul},
  title     = {Modeling Skipped and Not-Reached Items Using IRTrees},
  journal   = {Journal of Educational Measurement},
  year      = {2017},
  volume    = {54},
  number    = {3},
  pages     = {333--363},
  groups    = {missingdatainIRTmG},
  publisher = {Wiley Online Library},
}

@Article{tijmstra2018importance,
  author    = {Tijmstra, Jesper and Bolsinova, Maria},
  title     = {On the importance of the speed-ability trade-off when dealing with not reached items},
  journal   = {Frontiers in psychology},
  year      = {2018},
  volume    = {9},
  groups    = {missingdatainIRTmG},
  publisher = {Frontiers Media SA},
}

@Article{ludlow1999scoring,
  author    = {Ludlow, Larry and O’leary, Michael},
  title     = {Scoring omitted and not-reached items: Practical data analysis implications},
  journal   = {Educational and Psychological Measurement},
  year      = {1999},
  volume    = {59},
  number    = {4},
  pages     = {615--630},
  groups    = {missingdatainIRTmG},
  publisher = {Sage Publications Sage CA: Thousand Oaks, CA},
}

@PhdThesis{tian2011comparison,
  author  = {Tian, Feng},
  title   = {A comparison of equating/linking using the Stocking-Lord method and concurrent calibration with mixed-format tests in the non-equivalent groups common-item design under IRT},
  school  = {Boston College University},
  type    = {Dissertation},
  date    = {2011},
  groups  = {TestEquatingIRT},
  url     = {https://boots.bc.edu/islandora/object/bc-ir:101572/datastream/PDF/download/citation.pdf},
  urldate = {2018-08-28},
}

@Book{eckert2017bildungsgerechtigkeit,
  title     = {Bildungsgerechtigkeit},
  publisher = {Springer},
  year      = {2017},
  author    = {Eckert, Thomas and Gniewosz, Burkhard},
  groups    = {FokusDeutschlandBG},
}

@Book{becker2016bildungprivileg,
  title     = {Bildung als Privileg. Erklärungen und Befunde zu den Ursachen der Bildungsungleichheit},
  publisher = {Springer},
  year      = {2016},
  author    = {Becker, Rolf and Lauterbach, Wolfgang},
  groups    = {FokusDeutschlandBG},
}

@Book{becker2017lehrbuchbildungssoziologie,
  title     = {Lehrbuch der Bildungssoziologie},
  publisher = {Springer},
  year      = {2017},
  author    = {Becker, Rolf},
  groups    = {FokusDeutschlandBG},
}

@Book{liesner2010gesellschaftliche,
  title     = {Gesellschaftliche Bedingungen von Bildung und Erziehung. Eine Einführung},
  publisher = {Kohlhammer Verlag},
  year      = {2010},
  author    = {Liesner, Andrea and Lohmann, Ingrid},
  groups    = {Erziehungswissenschaft},
}

@Article{chilcott1998structural,
  author    = {Chilcott, John},
  title     = {Structural functionalism as a heuristic device},
  journal   = {Anthropology \& education quarterly},
  year      = {1998},
  volume    = {29},
  number    = {1},
  pages     = {103--111},
  groups    = {Erziehungswissenschaft},
  publisher = {Wiley Online Library},
}

@Book{bourdieu1971illusion,
  title     = {Die Illusion der Chancengleichheit: Untersuchungen zur Soziologie des Bildungswesens am Beispiel Frankreichs},
  publisher = {Klett},
  year      = {1971},
  author    = {Bourdieu, Pierre and Passeron, Jean-Claude},
  groups    = {FokusInternationalBG},
}

@Article{geissler2004illusion,
  author  = {Gei{\ss}ler, Rainer},
  title   = {Die Illusion der Chancengleichheit im Bildungssystem--von PISA gest{\"o}rt},
  journal = {Zeitschrift f{\"u}r Soziologie der Erziehung und Sozialisation},
  year    = {2004},
  volume  = {24},
  number  = {4},
  pages   = {362--380},
  groups  = {Erziehungswissenschaft},
}

@Book{keller2014strukturelle,
  title     = {Strukturelle Faktoren des Bildungserfolgs: Wie das Bildungssystem den {\"U}bertritt ins Berufsleben bestimmt},
  publisher = {Springer-Verlag},
  year      = {2014},
  author    = {Keller, Florian},
  groups    = {FokusInternationalBG},
}

@Book{koller2009grundbegriffeEW,
  title     = {Grundbegriffe, Theorien und Methoden der Erziehungswissenschaft: eine Einf{\"u}hrung},
  publisher = {Kohlhammer Verlag},
  year      = {2009},
  author    = {Koller, Hans-Christoph},
  groups    = {Erziehungswissenschaft},
}

@Article{tsoukas2001complex,
  author    = {Tsoukas, Haridimos and Hatch, Mary},
  title     = {Complex thinking, complex practice: The case for a narrative approach to organizational complexity},
  journal   = {Human relations},
  year      = {2001},
  volume    = {54},
  number    = {8},
  pages     = {979--1013},
  groups    = {I_complexityMetatheories},
  publisher = {Sage Publications Sage CA: Thousand Oaks, CA},
}

@Article{jorg2007towards,
  author  = {J{\"o}rg, Ton and Davis, Brent and Nickmans, Goele},
  title   = {Towards a new, complexity science of learning and education},
  journal = {Educational Research Review},
  year    = {2007},
  volume  = {2},
  number  = {2},
  pages   = {145--156},
  groups  = {I_complexityMetatheories},
}

@Book{orwell1984roman,
  title     = {1984},
  publisher = {Ullstein Verlag},
  year      = {1976},
  author    = {Orwell, George},
  groups    = {Romane},
}

@Misc{gruber2015kurzeGeschichteBildungsbegriff,
  author       = {Gruber, Elke},
  title        = {Kurze Geschichte des Bildungsbegriffs},
  howpublished = {\url{https://files.adulteducation.at/wba/1-Gruber_Elke_Bildung.pdf}},
  year         = {2015},
  note         = {[Online; accessed 28-03-2019]},
  groups       = {Erziehungswissenschaft},
}

@Article{koller2011research,
  author    = {Koller, Hans-Christoph},
  title     = {The research of transformational education processes: Exemplary considerations on the relation of the philosophy of education and educational research},
  journal   = {European Educational Research Journal},
  year      = {2011},
  volume    = {10},
  number    = {3},
  pages     = {375--382},
  groups    = {Erziehungswissenschaft},
  publisher = {SAGE Publications Sage UK: London, England},
}

@Article{elbow1993usesbinary,
  author    = {Elbow, Peter},
  title     = {The uses of binary thinking},
  journal   = {Journal of Advanced Composition},
  year      = {1993},
  pages     = {51--78},
  groups    = {I_complexityMetatheories},
  publisher = {JSTOR},
}

@InCollection{grossman2008dichotomiesTE,
  author    = {Grossman, Pam and McDonald, Morva and Hammerness, Karen and Ronfeldt, Matthew},
  title     = {14 Dismantling dichotomies in teacher education},
  booktitle = {Handbook of research on teacher education: Enduring questions in changing contexts},
  publisher = {Routledge},
  year      = {2008},
  pages     = {243--248},
  groups    = {I_complexityMetatheories},
}

@Book{blossfeld2017bildung,
  title     = {Bildung 2030--ver{\"a}nderte Welt. Fragen an die Bildungspolitik. Gutachten},
  publisher = {M{\"u}nster: Waxmann},
  year      = {2017},
  author    = {Blossfeld, Hans-Peter and Bos, Wilfried and Daniel, Hans-Dieter and Hannover, Bettina and K{\"o}ller, Olaf and Lenzen, Dieter and Ro{\ss}bach, Hans-G{\"u}nther and Seidel, Tina and Tippelt, Rudolf and W{\"o}{\ss}mann, Ludger},
  groups    = {AktionsratBildungBD},
}

@Book{kruger2007einfuhrung,
  title     = {Einf{\"u}hrung in Grundbegriffe und Grundfragen der Erziehungswissenschaft},
  publisher = {Verlag Barbara Budrich},
  year      = {2007},
  author    = {Kr{\"u}ger, Heinz-Hermann and Helsper, Werner},
  groups    = {Erziehungswissenschaft},
}

@Book{waldenfels1997topographiefremden,
  title     = {Topographie des Fremden. Studien zur Ph{\"a}nomenologie des Fremden},
  publisher = {Suhrkamp},
  year      = {1997},
  author    = {Waldenfels, Bernhard},
  groups    = {Erziehungswissenschaft},
}

@Article{allemann1999kulturelle,
  author  = {Allemann-Ghionda, Cristina},
  title   = {Die kulturelle und sprachliche Vielfalt-eine f{\"u}r den Schulerfolg notwendige Dimension der Lehrerbildung},
  journal = {Beitr{\"a}ge zur Lehrerinnen-und Lehrerbildung},
  year    = {1999},
  volume  = {17},
  number  = {3},
  pages   = {297--306},
  groups  = {I_guterUnterricht_Lehrerbelastung},
}

@Article{kruger2004lehrerbildung,
  author    = {Kr{\"u}ger-Potratz, Marianne},
  title     = {Lehrerbildung im Zeichen von Pluralit{\"a}t und Differenz},
  journal   = {Sozialwissenschaftlicher Fachinformationsdienst soFid},
  year      = {2004},
  number    = {2004/1},
  pages     = {7--16},
  groups    = {I_guterUnterricht_Lehrerbelastung},
  publisher = {MISC},
}

@Book{vonKutschera2019weg,
  title     = {Der Weg der westlichen Philosophie},
  publisher = {mentis Verlag},
  year      = {2019},
  author    = {von Kutschera, Franz},
  groups    = {Philosophy_classic},
}

@InCollection{terhart2009theorieSchule,
  author    = {Terhart, Ewald},
  title     = {Theorie der Schule: Auf der Suche nach einem Phantom?},
  booktitle = {Erziehungswissenschaft auf dem Pr{\"u}fstand. Schulbezogene Forschung und Theoriebildung von 1970 bis heute},
  publisher = {Juventa Verlag},
  year      = {2009},
  pages     = {35--50},
  groups    = {Erziehungswissenschaft},
}

@Book{horn2002philosophie,
  title     = {Philosophie der Gerechtigkeit. Texte von der Antike bis zur Gegenwart},
  publisher = {Suhrkamp Verlag},
  year      = {2002},
  author    = {Horn, Christoph and Scarano, Nico},
  groups    = {Philosophy_classic},
}

@InCollection{ditton2013bildungsgerechtigkeit,
  author    = {Ditton, Hartmut},
  title     = {Bildungsgerechtigkeit: Analysen zu einer vergessenen Voraussetzung},
  booktitle = {Dialog der Religionen: eine interdisziplin{\"a}re Ann{\"a}herung},
  publisher = {LIT Verlag M{\"u}nster},
  year      = {2013},
  pages     = {155-185},
  groups    = {I_Bildungsgerechtigkeit},
}

@Article{hammacher1973einige,
  author    = {Hammacher, Klaus},
  title     = {Einige methodische Regeln Descartes und das erfindende Denken},
  journal   = {Zeitschrift f{\"u}r allgemeine Wissenschaftstheorie},
  year      = {1973},
  volume    = {4},
  number    = {2},
  pages     = {203--223},
  groups    = {Philosophy_classic},
  publisher = {Springer},
}

@Article{dumont2014soziale,
  author    = {Dumont, Hanna and Maaz, Kai and Neumann, Marko and Becker, Michael},
  title     = {Soziale Ungleichheiten beim {\"U}bergang von der Grundschule in die Sekundarstufe I: Theorie, Forschungsstand, Interventions-und F{\"o}rderm{\"o}glichkeiten},
  journal   = {Zeitschrift f{\"u}r Erziehungswissenschaft},
  year      = {2014},
  volume    = {17},
  number    = {2},
  pages     = {141--165},
  groups    = {TransitionBG},
  publisher = {Springer},
}

@InCollection{schimank2005funktionale,
  author    = {Schimank, Uwe},
  title     = {Funktionale Differenzierung und Systemintegration der modernen Gesellschaft},
  booktitle = {Differenzierung und Integration der modernen Gesellschaft},
  publisher = {Springer},
  year      = {2005},
  pages     = {185--197},
  groups    = {Erziehungswissenschaft},
}

@Article{hien2017aktuelle,
  author    = {Hien, Josef and Joerges, Christian},
  title     = {Das aktuelle europ{\"a}ische Interesse an der ordoliberalen Tradition},
  journal   = {Leviathan},
  year      = {2017},
  volume    = {45},
  number    = {4},
  pages     = {459--493},
  groups    = {Wirtschaft},
  publisher = {Nomos Verlagsgesellschaft mbH \& Co. KG},
}

@Book{singer2013praktische,
  title     = {Praktische Ethik},
  publisher = {Reclam},
  year      = {2013},
  author    = {Singer, Peter and Bischoff, Oscar and Klose, Dietrich and Wolf, Jean-Claude},
  groups    = {Philosophy_classic},
}

@Book{parsons1991social,
  title     = {The Social System},
  publisher = {Routledge},
  year      = {1951},
  author    = {Parsons, Talcott},
  groups    = {Erziehungswissenschaft},
}

@Book{goppel2016handbuch,
  title     = {Handbuch Gerechtigkeit},
  publisher = {Springer},
  year      = {2016},
  author    = {Goppel, Anna and Mieth, Corinna and Neuh{\"a}user, Christian},
  groups    = {Philosophy_classic},
}

@Article{andrich2004controversy,
  author    = {Andrich, David},
  title     = {Controversy and the Rasch model: a characteristic of incompatible paradigms?},
  journal   = {Medical care},
  year      = {2004},
  pages     = {I7--I16},
  groups    = {einsortieren, GrundlegendesArtikelIRT},
  publisher = {JSTOR},
}

@Book{altrichter2016steuerungSchulsystem,
  title     = {Handbuch Neue Steuerung im Schulsystem},
  publisher = {Springer},
  year      = {2016},
  author    = {Altrichter, Herbert and Merki, Katharina},
  groups    = {Schulentwicklung_ESe},
}

@Book{rolff2013schulentwicklung,
  title     = {Schulentwicklung kompakt},
  publisher = {Weinheim: Beltz},
  year      = {2013},
  author    = {Rolff, Hans-G{\"u}nter},
  groups    = {Schulentwicklung_ESe},
}

@Article{vyas2006constructing,
  author    = {Vyas, Seema and Kumaranayake, Lilani},
  title     = {Constructing socio-economic status indices: how to use principal components analysis},
  journal   = {Health policy and planning},
  year      = {2006},
  volume    = {21},
  number    = {6},
  pages     = {459--468},
  groups    = {SESindicesSV},
  publisher = {Oxford University Press},
}

@Article{boudon2009became,
  author  = {Boudon, Raymond},
  title   = {Why I became a sociologist},
  journal = {A Life in Sociology. Essays in Honour of Raymond Boudon},
  year    = {2009},
  volume  = {1},
  pages   = {53--75},
  groups  = {Erziehungswissenschaft},
}

@Book{boudon1974education,
  title     = {Education, opportunity, and social inequality: Changing prospects in western society.},
  publisher = {ERIC},
  year      = {1974},
  author    = {Boudon, Raymond},
  groups    = {TransitionBG},
}

@Book{bourdieu1987feinen,
  title     = {Die feinen Unterschiede: Kritik der gesellschaftlichen Urteilskraft},
  publisher = {Suhrkamp},
  year      = {1987},
  author    = {Bourdieu, Pierre},
  groups    = {Philosophy_classic},
}

@Book{coleman1991grundlagen,
  title     = {Grundlagen der Sozialtheorie. Band 1 Handlungen und Handlungssysteme},
  publisher = {Oldenbourg Verlag M{\"u}nchen},
  year      = {1991},
  author    = {Coleman, James},
  groups    = {Erziehungswissenschaft},
}

@Article{caro2017intsvy,
  author  = {Caro, Daniel and Biecek, Przemyslaw},
  title   = {intsvy: An R package for analysing International large-scale assessment data},
  journal = {Journal of Statistical Software},
  year    = {2017},
  volume  = {81},
  number  = {1},
  pages   = {1--44},
  groups  = {II_large-scale-ass},
}

@Article{neugebauer2010bildungsungleichheit,
  author    = {Neugebauer, Martin},
  title     = {Bildungsungleichheit und Grundschulempfehlung beim {\"U}bergang auf das Gymnasium: Eine Dekomposition prim{\"a}rer und sekund{\"a}rer Herkunftseffekte},
  journal   = {Zeitschrift f{\"u}r Soziologie},
  year      = {2010},
  volume    = {39},
  number    = {3},
  pages     = {202--214},
  groups    = {TransitionBG},
  publisher = {Lucius \& Lucius Verlag},
}

@Book{neumann2007briefe,
  title     = {Briefe schreiben in Klasse 9 und 11. Beurteilungskriterien, Messungen, Textstrukturen und Schülerleistungen},
  publisher = {Waxmann Verlag},
  year      = {2007},
  author    = {Neumann, Astrid},
  groups    = {SchulnotenBI},
}

@Article{schwendowius2016teilhabechancen,
  author  = {Schwendowius, Dorothee},
  title   = {Teilhabechancen in der Migrationsgesellschaft--Diskriminierungserfahrungen in der Schulbiographie},
  journal = {Haushalt in Bildung \& Forschung},
  year    = {2016},
  volume  = {5},
  number  = {2},
  groups  = {Erziehungswissenschaft},
}

@Article{erikson2005class,
  author    = {Erikson, Robert and Goldthorpe, John and Jackson, Michelle and Yaish, Meir and Cox, David},
  title     = {On class differentials in educational attainment},
  journal   = {Proceedings of the National Academy of Sciences},
  year      = {2005},
  volume    = {102},
  number    = {27},
  pages     = {9730--9733},
  groups    = {TransitionBG},
  publisher = {National Academy of Sciences of the USA},
}

@Article{jackson2007primary,
  author    = {Jackson, Michelle and Erikson, Robert and Goldthorpe, John and Yaish, Meir},
  title     = {Primary and secondary effects in class differentials in educational attainment: The transition to A-level courses in England and Wales},
  journal   = {Acta Sociologica},
  year      = {2007},
  volume    = {50},
  number    = {3},
  pages     = {211--229},
  groups    = {TransitionBG},
  publisher = {Sage Publications Sage UK: London, England},
}

@InCollection{baumert2019bildungsungleichheit,
  author    = {Baumert, J{\"u}rgen and Maaz, Kai and L{\"u}he, Josefine and Schulz, Stefan},
  title     = {Bildungsungleichheit und Bildungsarmut--Der Beitrag von Large-Scale-Assessments},
  booktitle = {Handbuch Bildungsarmut},
  publisher = {Springer},
  year      = {2019},
  pages     = {261--285},
  groups    = {I_Bildungsgerechtigkeit},
}

@Article{oberski2014lavaan,
  author  = {Oberski, Daniel},
  title   = {lavaan. survey: An R package for complex survey analysis of structural equation models},
  journal = {Journal of Statistical Software},
  year    = {2014},
  volume  = {57},
  number  = {1},
  pages   = {1--27},
  groups  = {estimationInRSEM},
}

@Article{berlin1990dichotomous,
  author    = {Berlin, Sharon},
  title     = {Dichotomous and complex thinking},
  journal   = {Social Service Review},
  year      = {1990},
  volume    = {64},
  number    = {1},
  pages     = {46--59},
  groups    = {I_complexityMetatheories},
  publisher = {University of Chicago Press},
}

@InCollection{bottcher2009staatliche,
  author    = {B{\"o}ttcher, Wolfgang},
  title     = {Der staatliche Bildungsauftrag: Chancen zur Neuverteilung von Bildungschancen?},
  booktitle = {Bildung--Recht--Chancen. Rahmenbedingungen, empirische Analysen und internationale Perspektiven zum Recht auf chancengleiche Bildung},
  publisher = {Waxmann Verlag},
  year      = {2009},
  pages     = {63--79},
  groups    = {Erziehungswissenschaft},
}

@InCollection{auernheimer2017lehrer,
  author    = {Auernheimer, Georg and Rosen, Lisa},
  title     = {Lehrer-Sch{\"u}ler-Interaktion in der Migrationsgesellschaft},
  booktitle = {Lehrer-Sch{\"u}ler-Interaktion},
  publisher = {Springer},
  year      = {2017},
  pages     = {435--463},
  groups    = {Erziehungswissenschaft},
}

@Article{pickel2018migration,
  author    = {Pickel, Gert and Pickel, Susanne},
  title     = {Migration als Gefahr f{\"u}r die politische Kultur?},
  journal   = {Zeitschrift f{\"u}r Vergleichende Politikwissenschaft},
  year      = {2018},
  volume    = {12},
  number    = {1},
  pages     = {297--320},
  groups    = {Erziehungswissenschaft},
  publisher = {Springer},
}

@Article{sander2018stereotypenbedrohung,
  author    = {Sander, Andreas and Ohle, Annika and McElvany, Nele and Zander, Lysann and Hannover, Bettina},
  title     = {Stereotypenbedrohung als Ursache f{\"u}r geringeren Wortschatzzuwachs bei Grundschulkindern mit Migrationshintergrund},
  journal   = {Zeitschrift F{\"u}r Erziehungswissenschaft},
  year      = {2018},
  volume    = {21},
  number    = {1},
  pages     = {177--197},
  groups    = {Erziehungswissenschaft},
  publisher = {Springer},
}

@InCollection{mecheril2010migrationspadagogik,
  author    = {Mecheril, Paul},
  title     = {Migrationsp{\"a}dagogik. Hinf{\"u}hrung zu einer Perspektive},
  booktitle = {Migrationspädagogik},
  publisher = {Weinheim: Beltz},
  year      = {2010},
  pages     = {7--22},
  groups    = {Erziehungswissenschaft},
}

@Book{blossfeld2016integration,
  title     = {Integration durch Bildung. Migranten und Fl{\"u}chtlinge in Deutschland. Gutachten},
  publisher = {M{\"u}nster: Waxmann},
  year      = {2016},
  author    = {Blossfeld, Hans-Peter and Bos, Wilfried and Daniel, Hans-Dieter and Hannover, Bettina and K{\"o}ller, Olaf and Lenzen, Dieter and Ro{\ss}bach, Hans-G{\"u}nther and Seidel, Tina and Tippelt, Rudolf and W{\"o}{\ss}mann, Ludger},
  groups    = {AktionsratBildungBD},
}

@Book{keupp2016reflexive,
  title     = {Reflexive Sozialpsychologie},
  publisher = {Springer-Verlag},
  year      = {2016},
  author    = {Keupp, Heiner},
  groups    = {SozialpsychologieP},
}

@Book{arson2008sozialpsychologie,
  title     = {Sozialpsychologie. 6., aktualisierte Auflage},
  publisher = {Pearson Studium},
  year      = {2008},
  author    = {Arson, Elliot and Wilson, Timothy and Akert, Robin},
  groups    = {SozialpsychologieP},
}

@Article{tajfel1979integrative,
  author    = {Tajfel, Henri and Turner, John},
  title     = {An Integrative Theory of Intergroup Conflict},
  journal   = {Organizational identity: A reader},
  year      = {1979},
  pages     = {33--47},
  groups    = {SozialpsychologieP},
  publisher = {Oxford University Press},
}

@InCollection{leyendecker2017bilingualitat,
  author    = {Leyendecker, Birgit},
  title     = {Bilingualit{\"a}t und Familie: Das Potenzial von Bilingualit{\"a}t f{\"u}r Kinder aus zugewanderten Familien},
  booktitle = {Handbuch Entwicklungs-und Erziehungspsychologie},
  publisher = {Springer},
  year      = {2017},
  pages     = {1--14},
  groups    = {positivMigrationEW},
}

@Article{bak2014does,
  author    = {Bak, Thomas H and Nissan, Jack J and Allerhand, Michael M and Deary, Ian J},
  title     = {Does bilingualism influence cognitive aging?},
  journal   = {Annals of neurology},
  year      = {2014},
  volume    = {75},
  number    = {6},
  pages     = {959--963},
  groups    = {positivMigrationEW},
  publisher = {Wiley Online Library},
}

@InCollection{adams2007application,
  author    = {Adams, Raymond and Wu, Margaret and Carstensen, Claus},
  title     = {Application of multivariate Rasch models in international large-scale educational assessments},
  booktitle = {Multivariate and mixture distribution Rasch models},
  publisher = {Springer},
  year      = {2007},
  pages     = {271--280},
  groups    = {plausibleValuesmG},
}

@Article{thomas2000assessing,
  author    = {Thomas, Neal},
  title     = {Assessing model sensitivity of the imputation methods used in the National Assessment of Educational Progress},
  journal   = {Journal of Educational and Behavioral Statistics},
  year      = {2000},
  volume    = {25},
  number    = {4},
  pages     = {351--371},
  groups    = {plausibleValuesmG},
  publisher = {Sage Publications},
}

@Article{laukaityte2017using,
  author    = {Laukaityte, Inga and Wiberg, Marie},
  title     = {Using plausible values in secondary analysis in large-scale assessments},
  journal   = {Communications in Statistics-Theory and Methods},
  year      = {2017},
  volume    = {46},
  number    = {22},
  pages     = {11341--11357},
  groups    = {plausibleValuesmG},
  publisher = {Taylor \& Francis},
}

@Article{adams1997multidimensional,
  author    = {Adams, Raymond and Wilson, Mark and Wang, Wen-chung},
  title     = {The multidimensional random coefficients multinomial logit model},
  journal   = {Applied psychological measurement},
  year      = {1997},
  volume    = {21},
  number    = {1},
  pages     = {1--23},
  groups    = {inRIRT},
  publisher = {SAGE Publications},
}

@Article{monseur2009plausible,
  author  = {Monseur, Christian and Adams, Ray},
  title   = {Plausible values: How to deal with their limitations},
  journal = {Journal of applied measurement},
  year    = {2009},
  volume  = {10},
  number  = {3},
  groups  = {plausibleValuesmG},
}

@Book{blossfeld2016methodological,
  title     = {Methodological Issues of Longitudinal Surveys. The Example of the National Educational Panel Study},
  publisher = {Springer VS},
  year      = {2016},
  author    = {Blossfeld, Hans-Peter and Skopek, Jan and Maurice, Jutta and Bayer, Michael},
  groups    = {StudieNEPS},
}

@Book{rothland2013belastung,
  title     = {Belastung und Beanspruchung im Lehrerberuf. Modelle, Befunde, Interventionen. 2. Auflage},
  publisher = {Springer},
  year      = {2013},
  author    = {Rothland, Martin},
  groups    = {PersonalityTeachersPS},
}

@Article{rothland2011risikomerkmale,
  author    = {Rothland, Martin},
  title     = {Risikomerkmale von Lehramtsstudierenden},
  journal   = {Zeitschrift f{\"u}r Bildungsforschung},
  year      = {2011},
  volume    = {1},
  number    = {3},
  pages     = {179--197},
  groups    = {PersonalityTeachersPS},
  publisher = {Springer},
}

@Article{krause2003lehrerbelastungsforschung,
  author  = {Krause, Andreas},
  title   = {Lehrerbelastungsforschung-Erweiterung durch ein handlungspsychologisches Belastungskonzept},
  journal = {Zeitschrift f{\"u}r P{\"a}dagogik},
  year    = {2003},
  volume  = {49},
  number  = {2},
  pages   = {254--273},
  groups  = {PersonalityTeachersPS},
}

@Book{rutkowski2013handbook,
  title     = {Handbook of international large-scale assessment: Background, technical issues, and methods of data analysis},
  publisher = {CRC Press},
  year      = {2013},
  author    = {Rutkowski, Leslie and Davier, Matthias and Rutkowski, David},
  groups    = {II_large-scale-ass},
}

@Book{leeuw2012international,
  title     = {International handbook of survey methodology},
  publisher = {Routledge},
  year      = {2012},
  author    = {Leeuw, Edith and Hox, Joop and Dillman, Don},
  groups    = {II_large-scale-ass},
}

@Book{creemers2010methodological,
  title     = {Methodological advances in educational effectiveness research},
  publisher = {Routledge},
  year      = {2010},
  author    = {Creemers, Bert and Kyriakides, Leonidas and Sammons, Pam},
  groups    = {II_large-scale-ass},
}

@TechReport{timsstrends2016mullis,
  author      = {Mullis, Ina and Martin, Michael and Loveless, Tom},
  title       = {20 Years of TIMSS. International Trends in Mathematics and Science Achievement, Curriculum, and Instruction},
  institution = {International Association for the Evaluation of Educational Achievement},
  year        = {2016},
  groups      = {StudieTIMSS},
}

@Article{kyriacou1978model,
  author    = {Kyriacou, Chris and Sutcliffe, John},
  title     = {A Model of Teacher Stress},
  journal   = {Educational studies},
  year      = {1978},
  volume    = {4},
  number    = {1},
  pages     = {1--6},
  groups    = {PersonalityTeachersPS},
  publisher = {Taylor \& Francis},
}

@Book{weishaupt2012systematisierung,
  title     = {Systematisierung der Lehrerforschung und Verbesserung ihrer Datenbasis: M{\"o}glichkeiten des Mikrozensus zur Analyse der sozialen Situation der p{\"a}dagogischen Berufe unter besonderer Ber{\"u}cksichtung der Lehrerschaft},
  publisher = {Bundesministerium für Bildung und Forschung},
  year      = {2012},
  author    = {Weishaupt, Horst and Huth, Radoslaw},
  note      = {Bildungsforschung Band 36},
  groups    = {PersonalityTeachersPS},
}

@Book{bengel2016psychologie,
  title     = {Psychologie in der medizinischen Rehabilitation. Ein Lehr- und Praxishandbuch.},
  publisher = {Springer},
  year      = {2016},
  author    = {Bengel, J{\"u}rgen and Mittag, Oskar},
  groups    = {Psychologie},
}

@Book{rosa2005beschleunigung,
  title     = {Beschleunigung. Die Ver{\"a}nderung der Zeitstrukturen in der Moderne},
  publisher = {Suhrkamp Verlag},
  year      = {2005},
  author    = {Rosa, Hartmut},
  groups    = {Soziologie},
}

@Book{arendt2006denken,
  title     = {Denken ohne Gel{\"a}nder: Texte und Briefe},
  publisher = {Piper Verlag},
  year      = {2006},
  author    = {Arendt, Hannah},
  groups    = {Philosophy_classic},
}

@Article{kaldor2018cycles,
  author    = {Kaldor, Mary},
  title     = {Cycles in world politics},
  journal   = {International Studies Review},
  year      = {2018},
  volume    = {20},
  number    = {2},
  pages     = {214--222},
  groups    = {Soziologie},
  publisher = {Oxford University Press},
}

@Book{allen2015getting,
  title     = {Getting things done: The art of stress-free productivity},
  publisher = {Penguin},
  year      = {2015},
  author    = {Allen, David},
  groups    = {Wirtschaft},
}

@Book{pfister2013werkzeuge,
  title     = {Werkzeuge des Philosophierens},
  publisher = {Reclam Verlag},
  year      = {2013},
  author    = {Pfister, Jonas},
  groups    = {StructuredWorkingmG},
}

@Article{cikara2011us,
  author    = {Cikara, Mina and Bruneau, Emile and Saxe, Rebecca},
  title     = {Us and them: Intergroup failures of empathy},
  journal   = {Current Directions in Psychological Science},
  year      = {2011},
  volume    = {20},
  number    = {3},
  pages     = {149--153},
  groups    = {SozialpsychologieP},
  publisher = {Sage Publications Sage CA},
}

@InCollection{young2002fuenfformen,
  author    = {Young, Iris},
  title     = {F{\"u}nf Formen der Unterdr{\"u}ckung},
  booktitle = {Philosophie der Gerechtigkeit},
  publisher = {Suhrkamp Verlag},
  year      = {2002},
  pages     = {428--445},
  groups    = {Philosophy_classic},
}

@Unpublished{arnold2012using,
  author = {Arnold, Tim and Kuhfeld, Warren},
  title  = {Using SAS and LATEX to Create Documents with Reproducible Results},
  note   = {SAS Global Forum 2012},
  year   = {2012},
  groups = {II_SASSoftware},
  url    = {\url{http://citeseerx.ist.psu.edu/viewdoc/download?doi=10.1.1.306.7742&rep=rep1&type=pdf}},
}

@Book{carpenter2016carpenter,
  title     = {Carpenter's complete Guide to the SAS Macro language},
  publisher = {SAS Institute},
  year      = {2016},
  author    = {Carpenter, Art},
  groups    = {II_SASSoftware},
}

@Book{wang2012structural,
  title     = {Structural equation modeling: Applications using Mplus},
  publisher = {John Wiley \& Sons},
  year      = {2012},
  author    = {Wang, Jichuan and Wang, Xiaoqian},
  groups    = {II_MplusSoftware},
}

@Book{freire1973padagogik,
  title     = {P{\"a}dagogik der Unterdr{\"u}ckten},
  publisher = {Rowohlt Taschenbuch Verlag},
  year      = {1973},
  author    = {Freire, Paulo},
  groups    = {KritischeTheorieEW},
}

@Book{weischer2011sozialstrukturanalyse,
  title     = {Sozialstrukturanalyse: Grundlagen und Modelle},
  publisher = {Springer-Verlag},
  year      = {2011},
  author    = {Weischer, Christoph},
  groups    = {Soziologie},
}

@Book{fend2009lebensverlaufe,
  title     = {Lebensverl{\"a}ufe, Lebensbew{\"a}ltigung, Lebensgl{\"u}ck: Ergebnisse der LifE-Studie},
  publisher = {Springer},
  year      = {2009},
  author    = {Fend, Helmut and Berger, Fred and Grob, Urs},
  groups    = {StudieLifE},
}

@Book{baumert2006herkunftsbedingte,
  title     = {Herkunftsbedingte Disparit{\"a}ten im Bildungswesen: Differenzielle Bildungsprozesse und Probleme der Verteilungsgerechtigkeit},
  publisher = {VS Verlag f{\"u}r Sozialwissenschaften},
  year      = {2006},
  author    = {Baumert, J{\"u}rgen and Stanat, Petra and Watermann, Rainer},
  groups    = {I_Bildungsgerechtigkeit},
}

@InCollection{doring2019evaluationsforschung,
  author    = {D{\"o}ring, Nicola},
  title     = {Evaluationsforschung},
  booktitle = {Handbuch Methoden der empirischen Sozialforschung},
  publisher = {Springer},
  year      = {2019},
  pages     = {173--189},
  groups    = {Evaluation_ESe},
}

@Book{evans2017kritikgewalt,
  title     = {Kritik der Gewalt. Eine illustrierte Geschichte radikalen Denkens},
  publisher = {Unrast Verlag},
  year      = {2017},
  author    = {Evans, Brad and Wilson, Sean},
  groups    = {KritischeTheorieEW},
}

@Article{schugurensky1998legacy,
  author  = {Schugurensky, Daniel},
  title   = {The legacy of Paulo Freire: A critical review of his contributions},
  journal = {Convergence},
  year    = {1998},
  volume  = {31},
  groups  = {KritischeTheorieEW},
}

@Article{smart2016military,
  author    = {Smart, Barry},
  title     = {Military-industrial complexities, university research and neoliberal economy},
  journal   = {Journal of Sociology},
  year      = {2016},
  volume    = {52},
  number    = {3},
  pages     = {455--481},
  groups    = {KritischeTheorieEW},
  publisher = {SAGE Publications},
}

@Book{miller2016hochschulbildung,
  title     = {Hochschulbildung: Wiederaneignung eines existenziell bedeutsamen Begriffs},
  publisher = {Walter de Gruyter GmbH \& Co KG},
  year      = {2017},
  author    = {Miller, Tilly and Ostertag, Margit},
  groups    = {UnisHochschulenEW},
}

@Article{sijtsma2009use,
  author    = {Sijtsma, Klaas},
  title     = {On the use, the misuse, and the very limited usefulness of Cronbach’s alpha},
  journal   = {Psychometrika},
  year      = {2009},
  volume    = {74},
  number    = {1},
  pages     = {107--120},
  groups    = {reliabilityTT},
  publisher = {Springer},
}

@Article{revelle2009coefficients,
  author    = {Revelle, William and Zinbarg, Richard},
  title     = {Coefficients alpha, beta, omega, and the glb: Comments on Sijtsma},
  journal   = {Psychometrika},
  year      = {2009},
  volume    = {74},
  number    = {1},
  pages     = {145--154},
  groups    = {reliabilityTT},
  publisher = {Springer},
}

@Article{trizano2016best,
  author    = {Trizano-Hermosilla, Italo and Alvarado, Jes{\'u}s},
  title     = {Best alternatives to Cronbach's alpha reliability in realistic conditions: congeneric and asymmetrical measurements},
  journal   = {Frontiers in psychology},
  year      = {2016},
  volume    = {7},
  groups    = {reliabilityTT},
  publisher = {frontiers in Psychology},
}

@Book{wolf2010handbuch,
  title     = {Handbuch der sozialwissenschaftlichen Datenanalyse},
  publisher = {Springer},
  year      = {2010},
  author    = {Wolf, Christof and Best, Henning},
  groups    = {II_mostGeneral},
}

@Book{loewenthal2001introduction,
  title     = {An introduction to psychological tests and scales. With a foreword by Michael W. Eysanck},
  publisher = {Psychology press},
  year      = {2001},
  author    = {Loewenthal, Kate},
  groups    = {GrundlegendesTT},
}

@Article{fan2010factors,
  author    = {Fan, Weimiao and Yan, Zheng},
  title     = {Factors affecting response rates of the web survey: A systematic review},
  journal   = {Computers in human behavior},
  year      = {2010},
  volume    = {26},
  number    = {2},
  pages     = {132--139},
  groups    = {webSurveysTT},
  publisher = {Elsevier},
}

@Article{bosnjak2001participation,
  author    = {Bosnjak, Michael and Tuten, Tracy and Bandilla, Wolfgang},
  title     = {Participation in web surveys: A typology},
  journal   = {ZUMA Nachrichten},
  year      = {2001},
  volume    = {25},
  number    = {48},
  pages     = {7--17},
  groups    = {webSurveysTT},
  publisher = {DEU},
}

@Book{adachi2016matrix,
  title     = {Matrix-Based Introduction to Multivariate Data Analysis},
  publisher = {Springer},
  year      = {2016},
  author    = {Adachi, Kohei},
  groups    = {II_mostGeneral},
}

@Article{estabrook2013comparison,
  author    = {Estabrook, Ryne and Neale, Michael},
  title     = {A comparison of factor score estimation methods in the presence of missing data: Reliability and an application to nicotine dependence},
  journal   = {Multivariate behavioral research},
  year      = {2013},
  volume    = {48},
  number    = {1},
  pages     = {1--27},
  groups    = {indicesSV},
  publisher = {Taylor \& Francis},
}

@Article{distefano2009understanding,
  author  = {DiStefano, Christine and Zhu, Min and Mindrila, Diana},
  title   = {Understanding and using factor scores: Considerations for the applied researcher},
  journal = {Practical Assessment, Research \& Evaluation},
  year    = {2009},
  volume  = {14},
  number  = {20},
  pages   = {1--11},
  groups  = {indicesSV},
}

@Article{western1998causal,
  author    = {Western, Bruce},
  title     = {Causal heterogeneity in comparative research: A Bayesian hierarchical modelling approach},
  journal   = {American Journal of Political Science},
  year      = {1998},
  volume    = {42},
  number    = {4},
  pages     = {1233--1259},
  groups    = {MotivationMMGLM},
  publisher = {Midwest Political Science Association},
}

@Book{wendt2016timss,
  title     = {TIMSS 2015. Mathematische und naturwissenschaftliche Kompetenzen von Grundschulkindern in Deutschland im internationalen Vergleich},
  publisher = {Waxmann Verlag},
  year      = {2016},
  author    = {Wendt, Heike and Bos, Wilfried and Selter, Christoph and K{\"o}ller, Olaf and Schwippert, Knut and Kasper, Daniel},
  groups    = {StudieTIMSS},
}

@Book{zucchini2009statistik,
  title     = {Statistik f{\"u}r Bachelor-und Masterstudenten: eine Einf{\"u}hrung f{\"u}r Wirtschafts-und Sozialwissenschaftler},
  publisher = {Springer-Verlag},
  year      = {2009},
  author    = {Zucchini, Walter and Schlegel, Andreas and Nenadic, Oleg and Sperlich, Stefan},
  groups    = {statisticalFundamentalsmG},
}

@Book{lebon1911massenpsychologie,
  title     = {Psychologie der Massen},
  publisher = {Nikol-Verlag},
  year      = {1911},
  author    = {Bon, Gustave},
  groups    = {MassenpsychologieP},
}

@Book{freud1921massenpsychologie,
  title     = {Massenpsychologie und Ich-analyse},
  publisher = {Anaconda Verlag},
  year      = {1921},
  author    = {Freud, Sigmund},
  groups    = {MassenpsychologieP},
}

@Book{reich1933massenpsychologie,
  title     = {Die Massenpsychologie des Faschismus},
  publisher = {KiWi-Verlag},
  year      = {1933},
  author    = {Reich, Wilhelm},
  groups    = {MassenpsychologieP},
}

@Article{oztuna2006investigation,
  author    = {{\"O}ztuna, Derya and Elhan, Atilla Halil and T{\"u}ccar, Ers{\"o}z},
  title     = {Investigation of four different normality tests in terms of type 1 error rate and power under different distributions},
  journal   = {Turkish Journal of Medical Sciences},
  year      = {2006},
  volume    = {36},
  number    = {3},
  pages     = {171--176},
  groups    = {normalityTestsmG},
  publisher = {The Scientific and Technological Research Council of Turkey},
}

@Article{ghasemi2012normality,
  author    = {Ghasemi, Asghar and Zahediasl, Saleh},
  title     = {Normality tests for statistical analysis: a guide for non-statisticians},
  journal   = {International journal of endocrinology and metabolism},
  year      = {2012},
  volume    = {10},
  number    = {2},
  pages     = {486},
  groups    = {normalityTestsmG},
  publisher = {Kowsar Medical Institute},
}

@Article{nachar2008mann,
  author  = {Nachar, Nadim},
  title   = {The Mann-Whitney U: A test for assessing whether two independent samples come from the same distribution},
  journal = {Tutorials in quantitative Methods for Psychology},
  year    = {2008},
  volume  = {4},
  number  = {1},
  pages   = {13--20},
  groups  = {non_parametricmG},
}

@Article{cohen1992power,
  author    = {Cohen, Jacob},
  title     = {A Power Primer.},
  journal   = {Psychological Bulletin},
  year      = {1992},
  volume    = {112},
  number    = {1},
  pages     = {155--159},
  groups    = {II_mostGeneral},
  publisher = {American Psychological Association},
}

@Book{baur2014handbuch,
  title     = {Handbuch Methoden der empirischen Sozialforschung},
  publisher = {Springer},
  year      = {2014},
  author    = {Baur, Nina and Blasius, J{\"o}rg},
  groups    = {II_mostGeneral},
}

@TechReport{goe2007linkTQ,
  author      = {Goe, Laura},
  title       = {The Link between Teacher Quality and Student Outcomes: A Research Synthesis},
  institution = {National Comprehensive Center for Teacher Quality},
  year        = {2007},
  groups      = {frameworkreviewVAM},
}

@Article{yen1993scaling,
  author    = {Yen, Wendy},
  title     = {Scaling Performance Assessments: Strategies for Managing Local Item Dependence},
  journal   = {Journal of Educational Measurement},
  year      = {1993},
  volume    = {30},
  number    = {3},
  pages     = {187--213},
  groups    = {LocalItemDependencemG},
  publisher = {National Council on Measurement in Education},
}

@TechReport{isac2015teachingpracticesLSA,
  author      = {Isac, Maria and Costa, Patr{\'\i}cia and Ara{\'u}jo, Lu{\'\i}sa and Calvo, Elena and Albergaria-Almeida, Patr{\'\i}cia},
  title       = {Teaching practices in primary and secondary schools in Europe: Insights from large-scale assessments in education},
  institution = {European Commission Joint Research Centre},
  year        = {2015},
  groups      = {I_BildungInternational},
}

@TechReport{teijlingen2001importance,
  author      = {Teijlingen, Edwin and Hundley, Vanora},
  title       = {The importance of pilot studies},
  institution = {Department of Sociology, University of Surrey},
  year        = {2001},
  groups      = {I_BildungInternational},
}

@Article{walzebug2018distributional,
  author    = {Walzebug, Anke and Kasper, Daniel},
  title     = {Distributional properties of the PIRLS-home resource for learning scale and observed effects on reading achievement: are measurements of educational inequalities by latent indices without bias?},
  journal   = {Assessment in Education: Principles, Policy \& Practice},
  year      = {2018},
  volume    = {25},
  number    = {1},
  pages     = {28--51},
  groups    = {indicesSV},
  publisher = {Taylor \& Francis},
}

@Article{lenkeit2018configurations,
  author    = {Lenkeit, Jenny and Schwippert, Knut and Knigge, Michel},
  title     = {Configurations of multiple disparities in reading performance: longitudinal observations across France, Germany, Sweden and the United Kingdom},
  journal   = {Assessment in Education: Principles, Policy \& Practice},
  year      = {2018},
  volume    = {25},
  number    = {1},
  pages     = {52--86},
  groups    = {peculiaritiesQuestionnairemG},
  publisher = {Taylor \& Francis},
}

@Article{caro2014cultural,
  author    = {Caro, Daniel and Sandoval-Hern{\'a}ndez, Andr{\'e}s and L{\"u}dtke, Oliver},
  title     = {Cultural, social, and economic capital constructs in international assessments: An evaluation using exploratory structural equation modeling},
  journal   = {School Effectiveness and School Improvement},
  year      = {2014},
  volume    = {25},
  number    = {3},
  pages     = {433--450},
  groups    = {peculiaritiesQuestionnairemG},
  publisher = {Taylor \& Francis},
}

@Article{o2019impact,
  author    = {O'Connell, Michael},
  title     = {Is the impact of SES on educational performance overestimated? Evidence from the PISA survey},
  journal   = {Intelligence},
  year      = {2019},
  volume    = {75},
  pages     = {41--47},
  groups    = {SESindicesSV},
  publisher = {Elsevier},
}

@Book{boker2013statistikubungen,
  title     = {Statistik{\"u}bungen f{\"u}r Bachelor-und Masterstudenten: ein Arbeitsbuch mit einer Einf{\"u}hrung in R},
  publisher = {Springer-Verlag},
  year      = {2013},
  author    = {B{\"o}ker, Fred and Sperlich, Stefan and Zucchini, Walter},
  groups    = {statisticalFundamentalsmG},
}

@Article{costello2005best,
  author  = {Costello, Anna and Osborne, Jason},
  title   = {Best Practices in Exploratory Factor Analysis: Four Recommendations for Getting the Most From Your Analysis},
  journal = {Practical Assessment, Research \& Evaluation},
  year    = {2005},
  volume  = {10},
  number  = {7},
  pages   = {1--9},
  groups  = {FactorAnalysisSV},
}

@Article{mvududu2013factor,
  author    = {Mvududu, Nyaradzo and Sink, Christopher},
  title     = {Factor Analysis in Counseling Research and Practice},
  journal   = {Counseling Outcome Research and Evaluation},
  year      = {2013},
  volume    = {4},
  number    = {2},
  pages     = {75--98},
  groups    = {FactorAnalysisSV},
  publisher = {Taylor \& Francis},
}

@InCollection{schecker2014uberprufung,
  author    = {Schecker, Horst},
  title     = {{\"U}berpr{\"u}fung der Konsistenz von Itemgruppen mit Cronbachs $\alpha$},
  booktitle = {Methoden in der naturwissenschaftsdidaktischen Forschung},
  publisher = {Springer-Verlag},
  year      = {2014},
  note      = {Zusatzmaterial abrufbar nur online},
  groups    = {reliabilityTT},
}

@Book{kelle2008integration,
  title     = {Die Integration qualitativer und quantitativer Methoden in der empirischen Sozialforschung},
  publisher = {Springer},
  year      = {2008},
  author    = {Kelle, Udo},
  groups    = {II_mostGeneral},
}

@Thesis{wolfMethodenstreit2008,
  author  = {Wolf, Sabrina},
  title   = {Der Methodenstreit quantitativer und qualitativer Sozialforschung unter besonderer Berücksichtigung der grundlegenden Unterschiede beider Forschungstraditionen},
  date    = {2008},
  groups  = {II_mostGeneral},
  school  = {Universität Augsburg},
  type    = {Bachelor Thesis},
  url     = {https://tinyurl.com/y24z9fj2},
  urldate = {2019-10-06},
}

@Article{butterwegge2016armutsdefinition,
  author  = {Butterwegge, Christoph},
  title   = {Armutsdefinition und Fluchtmigration},
  journal = {GWP--Gesellschaft. Wirtschaft. Politik},
  year    = {2016},
  volume  = {65},
  number  = {2},
  pages   = {143--148},
  groups  = {Soziologie},
}

@Article{bromme2014empirische,
  author    = {Bromme, Rainer and Prenzel, Manfred and J{\"a}ger, Michael},
  title     = {Empirische Bildungsforschung und evidenzbasierte Bildungspolitik},
  journal   = {Zeitschrift f{\"u}r Erziehungswissenschaft},
  year      = {2014},
  volume    = {17},
  number    = {4},
  pages     = {3--54},
  groups    = {BildungsfBildungspoliBD},
  publisher = {Springer},
}

@Article{abbott1998causal,
  author    = {Abbott, Andrew},
  title     = {The causal devolution},
  journal   = {Sociological Methods \& Research},
  year      = {1998},
  volume    = {27},
  number    = {2},
  pages     = {148--181},
  groups    = {Soziologie},
  publisher = {Sage Publications},
}

@Book{dormann2013parametrische,
  title     = {Parametrische Statistik Verteilungen, maximum likelihood und GLM in R},
  publisher = {Springer Spektrum},
  year      = {2013},
  author    = {Dormann, Carsten},
  groups    = {statisticalFundamentalsmG},
}

@Article{glaesmer2015kriterienkatalog,
  author    = {Glaesmer, Heide and Forkmann, Thomas and Dinkel, Andreas and Wahl, Inka and Sattel, Heribert and Huber, Dorothea and Spangenberg, Lena and Rabung, Sven and Andreas, Sylke and Tritt, Karin and others},
  title     = {Kriterienkatalog zur Beurteilung psychodiagnostischer Selbstbeurteilungsinstrumente--Empfehlung des Deutschen Kollegiums f{\"u}r Psychosomatische Medizin (DKPM)},
  journal   = {PPmP-Psychotherapie{\textperiodcentered} Psychosomatik{\textperiodcentered} Medizinische Psychologie},
  year      = {2015},
  volume    = {65},
  number    = {07},
  pages     = {246--254},
  groups    = {StructuredWorkingmG},
  publisher = {{\copyright} Georg Thieme Verlag KG},
}

@PhdThesis{jozic2016customer,
  author  = {Jozic, Danijel},
  title   = {Customer experience management: eine empirische Analyse der Gestaltungsm{\"o}glichkeiten und Erfolgsauswirkungen},
  school  = {Universit{\"a}t Mannheim},
  type    = {Dissertation},
  date    = {2016},
  groups  = {II_StructuralEquationModel},
  url     = {https://madoc.bib.uni-mannheim.de/41519/1/Doktorarbeit_final_Danijel%20Jozic%20-1.pdf},
  urldate = {2020-01-20},
}

@Book{faulbaum2019methodische,
  title     = {Methodische Grundlagen der Umfrageforschung},
  publisher = {Springer},
  year      = {2019},
  author    = {Faulbaum, Frank},
  groups    = {FokusFragebogenTT},
}

@Book{porst2013fragebogen,
  title     = {Fragebogen: Ein Arbeitsbuch},
  publisher = {Springer},
  year      = {2013},
  author    = {Porst, Rolf},
  groups    = {GrundlegendesTT},
}

@Book{schnell2019survey,
  title     = {Survey-Interviews},
  publisher = {Springer},
  year      = {2019},
  author    = {Schnell, Rainer},
  groups    = {FokusFragebogenTT},
}

@Article{gabadinho2011analyzing,
  author  = {Gabadinho, Alexis and Ritschard, Gilbert and Mueller, Nicolas S{\'e}verin and Studer, Matthias},
  title   = {Analyzing and visualizing state sequences in R with TraMineR},
  journal = {Journal of Statistical Software},
  year    = {2011},
  volume  = {40},
  number  = {4},
  pages   = {1--37},
  groups  = {OptimalMatchingSV},
}

@InCollection{martin2011optimal,
  author    = {Martin, Peter and Wiggins, Richard},
  title     = {Optimal matching analysis},
  booktitle = {The SAGE handbook of innovation in social research methods},
  publisher = {Sage Publications},
  year      = {2011},
  pages     = {385--408},
  groups    = {OptimalMatchingSV},
}

@Book{hastie2009elements,
  title     = {The elements of statistical learning: data mining, inference, and prediction},
  publisher = {Springer Science \& Business Media},
  year      = {2009},
  author    = {Hastie, Trevor and Tibshirani, Robert and Friedman, Jerome},
  groups    = {statisticalFundamentalsmG},
}

@Book{kassambara2018machine,
  title     = {Machine Learning Essentials: Practical Guide in R},
  publisher = {sthda},
  year      = {2018},
  author    = {Kassambara, Alboukadel},
  groups    = {MachineLearningSV},
}

@Book{rauthmann2017personlichkeitspsychologie,
  title     = {Pers{\"o}nlichkeitspsychologie: Paradigmen--Str{\"o}mungen--Theorien},
  publisher = {Springer-Verlag},
  year      = {2017},
  author    = {Rauthmann, John},
  groups    = {Psychologie},
}

@Article{cronbach1955construct,
  author    = {Cronbach, Lee and Meehl, Paul},
  title     = {Construct validity in psychological tests},
  journal   = {Psychological bulletin},
  year      = {1955},
  volume    = {52},
  number    = {4},
  pages     = {281--302},
  groups    = {GrundlegendesTT},
  publisher = {American Psychological Association},
}

@Article{miller2017therefuture,
  author    = {Miller, Peter},
  title     = {Is there a future for surveys?},
  journal   = {Public Opinion Quarterly},
  year      = {2017},
  volume    = {81},
  number    = {S1},
  pages     = {205--212},
  groups    = {ZukunftFragebogenTT},
  publisher = {Oxford University Press},
}

@Article{tsang2017guidelines,
  author    = {Tsang, Siny and Royse, Colin and Terkawi, Abdullah Sulieman},
  title     = {Guidelines for developing, translating, and validating a questionnaire in perioperative and pain medicine},
  journal   = {Saudi journal of anaesthesia},
  year      = {2017},
  volume    = {11},
  number    = {Suppl 1},
  pages     = {80--89},
  groups    = {EntwicklungFragebogenTT},
  publisher = {Wolters Kluwer--Medknow Publications},
}

@Article{artino2014developing,
  author    = {Artino, Anthony and La Rochelle, Jeffrey and Dezee, Kent and Gehlbach, Hunter},
  title     = {Developing questionnaires for educational research: AMEE Guide No. 87},
  journal   = {Medical teacher},
  year      = {2014},
  volume    = {36},
  number    = {6},
  pages     = {463--474},
  groups    = {EntwicklungFragebogenTT},
  publisher = {Taylor \& Francis},
}

@Book{miller2014cognitive,
  title     = {Cognitive interviewing methodology},
  publisher = {John Wiley \& Sons},
  year      = {2014},
  author    = {Miller, Kristen and Chepp, Valerie and Willson, Stephanie and Padilla, Jose Luis},
  groups    = {II_CognitiveInterviews},
}

@Book{willis2004cognitive,
  title     = {Cognitive interviewing: A tool for improving questionnaire design},
  publisher = {Sage Publications},
  year      = {2004},
  author    = {Willis, Gordon},
  groups    = {II_CognitiveInterviews},
}

@Comment{jabref-meta: databaseType:bibtex;}

@Comment{jabref-meta: grouping:
0 AllEntriesGroup:;
1 StaticGroup:I_BildungDeutschland\;2\;0\;\;\;\;;
2 StaticGroup:BucherBildungallgBD\;0\;1\;\;\;\;;
2 StaticGroup:AllgemeinBD\;0\;1\;\;\;\;;
3 StaticGroup:PISAschockBD\;0\;1\;\;\;\;;
3 StaticGroup:BildungsfBildungspoliBD\;0\;1\;\;\;\;;
2 StaticGroup:BildungsberichteBD\;0\;1\;\;\;\;;
2 StaticGroup:AktionsratBildungBD\;0\;1\;\;\;\;;
2 StaticGroup:GanztagsschulenBD\;0\;0\;\;\;\;;
3 StaticGroup:SpezfischeArtikelBD\;0\;1\;\;\;\;;
2 StaticGroup:StudieStEG\;0\;0\;\;\;\;;
3 StaticGroup:technischesStEGBD\;0\;1\;\;\;\;;
3 StaticGroup:VariablenStEGBD\;0\;1\;\;\;\;;
2 StaticGroup:StudieIGLU\;0\;1\;\;\;\;;
2 StaticGroup:StudiePISA\;0\;1\;\;\;\;;
2 StaticGroup:StudieTIMSS\;2\;1\;\;\;\;;
2 StaticGroup:StudieNEPS\;0\;1\;\;\;\;;
2 StaticGroup:StudieLifE\;0\;1\;\;\;\;;
2 StaticGroup:EmpirischeBildungsforschungBD\;0\;1\;\;\;\;;
2 StaticGroup:weiterfuehrendBD\;0\;1\;\;\;\;;
1 StaticGroup:I_BildungInternational\;2\;1\;\;\;\;;
1 StaticGroup:I_Schulqualitaetsmodelle\;2\;0\;\;\;\;;
2 StaticGroup:abstraktSQM\;0\;1\;\;\;\;;
2 StaticGroup:CIPOmodellSQM\;0\;0\;\;\;\;;
3 StaticGroup:CIPOapplied\;0\;1\;\;\;\;;
2 StaticGroup:ErweiterungenSQM\;0\;1\;\;\;\;;
1 StaticGroup:I_Bildungsindikatoren\;2\;0\;\;\;\;;
2 StaticGroup:DataAggregationBI\;0\;1\;\;\;\;;
2 StaticGroup:SchulnotenBI\;0\;1\;\;\;\;;
1 StaticGroup:I_valueaddedmodelling\;2\;0\;\;\;\;;
2 StaticGroup:theoryVAM\;0\;1\;\;\;\;;
2 StaticGroup:frameworkreviewVAM\;0\;1\;\;\;\;;
2 StaticGroup:estimationVAM\;0\;1\;\;\;\;;
3 StaticGroup:StudentGrowthPercentilesVAM\;0\;1\;\;\;\;;
3 StaticGroup:estimationInRVAM\;0\;1\;\;\;\;;
3 StaticGroup:testingVAM\;0\;1\;\;\;\;;
2 StaticGroup:continuativeVAM\;0\;1\;\;\;\;;
2 StaticGroup:diffmodelsVAM\;0\;1\;\;\;\;;
2 StaticGroup:criticVAM\;0\;1\;\;\;\;;
2 StaticGroup:AccountabilityStandardsVAM\;0\;1\;\;\;\;;
1 StaticGroup:I_Gemischt\;2\;0\;\;\;\;;
2 StaticGroup:interdisciplinarityMIS\;0\;1\;\;\;\;;
1 StaticGroup:I_guterUnterricht_Lehrerbelastung\;0\;1\;\;\;\;;
1 StaticGroup:I_Evaluation_Schulentwicklung\;0\;0\;\;\;\;;
2 StaticGroup:Evaluation_ESe\;0\;1\;\;\;\;;
2 StaticGroup:Schulentwicklung_ESe\;0\;1\;\;\;\;;
1 StaticGroup:I_Bildungsgerechtigkeit\;2\;0\;\;\;\;;
2 StaticGroup:FokusDeutschlandBG\;0\;1\;\;\;\;;
2 StaticGroup:FokusInternationalBG\;0\;1\;\;\;\;;
2 StaticGroup:TransitionBG\;0\;1\;\;\;\;;
1 StaticGroup:I_complexityMetatheories\;0\;1\;\;\;\;;
1 StaticGroup:II_Testtheorie\;2\;0\;\;\;\;;
2 StaticGroup:GrundlegendesTT\;0\;1\;\;\;\;;
3 StaticGroup:FokusFragebogenTT\;0\;1\;\;\;\;;
2 StaticGroup:TotalSurveyErrorTT\;0\;1\;\;\;\;;
2 StaticGroup:reliabilityTT\;0\;1\;\;\;\;;
2 StaticGroup:recruitingTT\;0\;1\;\;\;\;;
3 StaticGroup:webSurveysTT\;0\;1\;\;\;\;;
2 StaticGroup:ZukunftFragebogenTT\;0\;1\;\;\;\;;
2 StaticGroup:EntwicklungFragebogenTT\;0\;1\;\;\;\;;
1 StaticGroup:II_RSoftware\;2\;1\;\;\;\;;
1 StaticGroup:II_MplusSoftware\;0\;1\;\;\;\;;
1 StaticGroup:II_SASSoftware\;0\;1\;\;\;\;;
1 StaticGroup:II_large-scale-ass\;0\;1\;\;\;\;;
1 StaticGroup:II_TimeSeriesAnalysis\;0\;1\;\;\;\;;
1 StaticGroup:II_mostGeneral\;2\;0\;\;\;\;;
2 StaticGroup:HypothesisTestsmG\;0\;1\;\;\;\;;
3 StaticGroup:normalityTestsmG\;0\;1\;\;\;\;;
3 StaticGroup:non_parametricmG\;0\;1\;\;\;\;;
2 StaticGroup:statisticalFundamentalsmG\;0\;1\;\;\;\;;
2 StaticGroup:MissingDatamG\;0\;0\;\;\;\;;
3 StaticGroup:missingdatainIRTmG\;0\;1\;\;\;\;;
2 StaticGroup:frameworkLatentVariableModelmG\;0\;1\;\;\;\;;
2 StaticGroup:SurveyWeightsmG\;0\;1\;\;\;\;;
2 StaticGroup:plausibleValuesmG\;0\;1\;\;\;\;;
2 StaticGroup:StructuredWorkingmG\;0\;1\;\;\;\;;
2 StaticGroup:peculiaritiesQuestionnairemG\;0\;1\;\;\;\;;
3 StaticGroup:LocalItemDependencemG\;0\;1\;\;\;\;;
1 StaticGroup:II_ItemResponseTheory\;2\;0\;\;\;\;;
2 StaticGroup:VorlesungenIRT\;0\;1\;\;\;\;;
2 StaticGroup:BucherIRTallgIRT\;0\;1\;\;\;\;;
2 StaticGroup:GrundlegendesArtikelIRT\;0\;1\;\;\;\;;
2 StaticGroup:estimationIRT\;0\;0\;\;\;\;;
3 StaticGroup:inRIRT\;0\;1\;\;\;\;;
3 StaticGroup:testingIRT\;0\;1\;\;\;\;;
3 StaticGroup:comparisonPackagesIRT\;0\;1\;\;\;\;;
3 StaticGroup:TestEquatingIRT\;0\;1\;\;\;\;;
2 StaticGroup:criticIRTrm\;0\;1\;\;\;\;;
2 StaticGroup:GLMMapproachIRT\;0\;1\;\;\;\;;
2 StaticGroup:weiterfuehrendIRT\;0\;1\;\;\;\;;
1 StaticGroup:II_GeneralizedLinearModel\;0\;0\;\;\;\;;
2 StaticGroup:MixedModelsGLM\;0\;1\;\;\;\;;
3 StaticGroup:TheorieMMGLM\;0\;1\;\;\;\;;
3 StaticGroup:MotivationMMGLM\;0\;1\;\;\;\;;
3 StaticGroup:GrundlegendesArtikelMMGLM\;0\;1\;\;\;\;;
3 StaticGroup:RpackagesMMGLM\;0\;1\;\;\;\;;
3 StaticGroup:BezugRpackagesMMGLM\;0\;1\;\;\;\;;
3 StaticGroup:MM_LGC_GLM\;0\;1\;\;\;\;;
1 StaticGroup:II_StructuralEquationModel\;2\;0\;\;\;\;;
2 StaticGroup:BucherSEMallgSEM\;0\;1\;\;\;\;;
2 StaticGroup:singleArticlesSEM\;0\;1\;\;\;\;;
3 StaticGroup:equivalentModelsSEM\;0\;1\;\;\;\;;
2 StaticGroup:estimationSEM\;0\;1\;\;\;\;;
3 StaticGroup:estimationInRSEM\;0\;1\;\;\;\;;
2 StaticGroup:WachstumskurvenmodelleSEM\;0\;1\;\;\;\;;
3 StaticGroup:BucherLGCallgSEM\;0\;1\;\;\;\;;
3 StaticGroup:estimationLGCSEM\;0\;1\;\;\;\;;
3 StaticGroup:AnwendungLGC_SEM\;0\;1\;\;\;\;;
1 StaticGroup:II_StrukturierendeVerfahren\;2\;0\;\;\;\;;
2 StaticGroup:OptimalMatchingSV\;0\;1\;\;\;\;;
2 StaticGroup:MachineLearningSV\;0\;1\;\;\;\;;
2 StaticGroup:PropensityScoreAnalysisSV\;0\;1\;\;\;\;;
2 StaticGroup:FactorAnalysisSV\;0\;1\;\;\;\;;
3 StaticGroup:indicesSV\;0\;1\;\;\;\;;
3 StaticGroup:SESindicesSV\;0\;1\;\;\;\;;
1 StaticGroup:II_CognitiveInterviews\;0\;1\;\;\;\;;
1 StaticGroup:III_PROSPECTIVE\;2\;0\;\;\;\;;
2 StaticGroup:KlassifizierungSchultypenPS\;0\;1\;\;\;\;;
2 StaticGroup:externalemployeePS\;0\;1\;\;\;\;;
2 StaticGroup:PersonalityTeachersPS\;0\;1\;\;\;\;;
2 StaticGroup:FederalStatesPS\;0\;1\;\;\;\;;
1 StaticGroup:Philosophy_classic\;0\;1\;\;\;\;;
1 StaticGroup:Erziehungswissenschaft\;2\;0\;\;\;\;;
2 StaticGroup:positivMigrationEW\;0\;0\;\;\;\;;
2 StaticGroup:KritischeTheorieEW\;0\;1\;\;\;\;;
2 StaticGroup:UnisHochschulenEW\;0\;1\;\;\;\;;
1 StaticGroup:Romane\;0\;1\;\;\;\;;
1 StaticGroup:Wirtschaft\;0\;1\;\;\;\;;
1 StaticGroup:Psychologie\;0\;0\;\;\;\;;
2 StaticGroup:PaedagogischePsychologieP\;0\;1\;\;\;\;;
2 StaticGroup:SozialpsychologieP\;0\;1\;\;\;\;;
2 StaticGroup:MassenpsychologieP\;0\;1\;\;\;\;;
1 StaticGroup:Soziologie\;0\;1\;\;\;\;;
}
